2789 3532
1324 49 1445 121 >xxv

643 668 725 720 De
761 669 882 721 aliis
918 667 1303 733 Syracusarum
1342 667 1762 731 oppugnationis
1798 666 2124 718 auctoribus

392 869 539 922 Longe
568 869 741 910 minoris
772 868 987 917 momenti,
1016 867 1136 920 quod
1165 867 1218 908 ad
1249 866 1547 920 Syracusarum
1579 866 1942 919 oppugnationem
1981 866 2106 907 nobis
2137 866 2456 908 describendam
2488 879 2575 919 per-

190 937 301 987 tinet,
331 935 475 988 reliqui
506 937 699 976 auctores
732 938 842 986 sunt,
884 933 1003 987 quod
1033 936 1105 974 aut
1133 945 1258 986 parva
1288 932 1521 985 fragmenta
1549 944 1727 985 operum
1771 945 1917 974 eorum
1959 936 2118 974 servata
2148 935 2259 983 sunt,
2300 945 2407 986 quae
2448 933 2575 976 nobis

191 1001 452 1057 respicienda
481 1004 593 1052 sunt,
621 1004 690 1043 aut
720 1000 1020 1055 Syracusarum
1052 990 1321 1054 oppugnatio
1351 999 1430 1041 nisi
1461 998 1661 1040 brevibus
1692 998 1830 1041 verbis
1855 999 1922 1040 ,ab
1953 999 2002 1040 iis
2033 1002 2359 1041 commemorata
2389 1012 2475 1041 non
2501 1003 2575 1041 est.

190 1081 320 1124 quare
350 1067 545 1122 singulos
576 1068 751 1110 breviter
780 1066 1048 1110 considerare
1077 1066 1204 1108 liceat.

1070 1189 1122 1231 Α.
1151 1188 1222 1231 De
1256 1188 1488 1231 Diodoro
1520 1188 1703 1230 Siculo.

392 1279 457 1320 De
489 1278 664 1320 Diodori
701 1279 945 1332 fragmentis
975 1279 1132 1329 (XXVI,
1175 1280 1327 1332 ¹5-5.¹6·
1363 1279 1423 1318 18.
1458 1279 1518 1319 19.
1549 1279 1613 1328 20,
1659 1280 1691 1318 1.
1722 1278 1763 1329 2)
1794 1278 1872 1318 iarn
1905 1277 2162 1319 Ahrendtius
2194 1278 2304 1328 dixit,
2345 1291 2454 1331 quae
2495 1280 2577 1320 dici

190 1349 341 1400 potest.
401 1346 477 1388 sed
509 1345 607 1387 mihi
639 1345 742 1388 haec
770 1345 999 1398 adiungere
1030 1346 1156 1387 liceat.

389 1412 562 1455 Summa
585 1425 744 1463 eorum,
775 1424 885 1466 quae
909 1411 1165 1453 Abrendtius
1191 1412 1388 1464 disputat,
1413 1411 1453 1453 in
1480 1423 1532 1453 eo
1557 1412 1774 1462 invenitur,
1805 1412 1936 1464 quod,
1967 1424 2062 1453 cum
2090 1412 2247 1453 Livium
2273 1416 2311 1454 et
2338 1412 2575 1455 Diodorum

191 1506 242 1509 -
272 1480 391 1534 quod
422 1482 531 1522 recte
560 1482 704 1522 censet
735 1505 783 1508 —
819 1479 1000 1521 eundem
1031 1482 1246 1521 auctorem
1278 1482 1452 1521 secutos
1482 1491 1581 1521 esse
1609 1481 1796 1532 apertum
1831 1479 1897 1530 sit,
1934 1479 2055 1521 etiam
2089 1479 2323 1521 Diodorum
2356 1480 2577 1522 Eumacho

189 1548 266 1600 (vel
294 1547 470 1600 Batone)
502 1559 626 1589 usum
658 1559 756 1589 esse
786 1550 914 1599 putat.
972 1559 1082 1600 quae
1112 1547 1146 1588 si
1178 1549 1286 1588 recta
1316 1549 1470 1596 essent,
1501 1545 1624 1587 mihi
1657 1546 1894 1588 secundum
1928 1545 2053 1588 huius
2084 1546 2386 1589 dissertationis
2417 1550 2575 1601 partem

190 1614 362 1667 primam
388 1613 623 1667 putandum
649 1616 763 1655 esset
788 1613 1012 1667 Polybio
1040 1613 1277 1655 Diodorum
1306 1625 1430 1655 usum
1458 1625 1574 1663 esse;
1605 1625 1745 1666 neque
1768 1613 2002 1666 quidquam
2028 1617 2173 1656 contra
2198 1613 2303 1655 hanc
2328 1614 2575 1656 sententiam

188 1680 320 1722 afferri
351 1680 539 1733 potesta)
1806 1671 1809 1675 ’

389 1747 519 1788 Etiam
559 1746 804 1789 Plutarchus
843 1759 939 1788 cum
982 1746 1176 1788 Diodoro
1215 1747 1436 1796 consentit,
1474 1746 1524 1788 ci.
1555 1747 1717 1788 Tzetzis
1754 1748 1895 1788 locum
1935 1747 2025 1788 chil.
2057 1747 2085 1788 ll
2121 1749 2191 1788 131
2223 1749 2287 1797 s.²)
2326 1751 2436 1796 οὗτος
2474 1752 2577 1789 κατὰ

189 1812 382 1866 Διόδωρον
411 1820 481 1866 τῆς
510 1813 767 1866 Συρακούσης
795 1814 939 1866 ταύτης
980 1814 1229 1866 προδότου
1267 1815 1363 1866 πρὸς
1404 1816 1469 1853 τὸν
1510 1812 1747 1866 Μάρκελλον
1789 1815 1947 1866 ἀθρόως
1988 1815 2199 1867 γενομένης
2238 1818 2276 1855 et
2317 1814 2419 1855 Plut.
2450 1815 2576 1857 Marc.

189 1892 221 1921 c.
250 1882 299 1921 19
328 1893 364 1921 v.
389 1882 436 1921 21
473 1883 539 1920 καὶ
568 1883 645 1934 γὰρ
675 1882 746 1933 τὴν
778 1881 904 1933 ἄλλην
934 1881 1046 1920 πόλιν
1077 1882 1121 1919 οὐ
1151 1883 1248 1934 μετὰ
1286 1880 1407 1919 πολὺν
1446 1882 1589 1932 χρόνον
1629 1880 1800 1920 ἁλοῦσαν
1842 1882 1897 1919 ἐκ
1937 1896 1965 1919 π
1976 1882 2232 1933 ροδοσίας;
2274 1884 2312 1921 et
2353 1882 2578 1934 praecipue

191 1946 365 1989 Diodor.
390 1947 519 1988 xxv}
551 1949 604 1988 20
633 1954 724 1987 τῶν
755 1949 840 2000 μὲν
871 1947 1157 1999 ἐλευθέρων
1188 1949 1281 1999 ἔφη
1307 1948 1545 2000 σωμάτων
1576 1948 1793 1999 φείσεσθαι,
1824 1950 1893 1996 τὰς
1922 1949 1964 1987 δὲ
1988 1948 2145 2000 κτήσεις
2170 1949 2320 1995 ἁπάσας
2350 1949 2577 2000 διαρπάσειν

187 2016 226 2054 et
268 2013 369 2055 Plut.
411 2026 444 2055 c,
479 2015 527 2055 19
557 2027 593 2055 v.
628 2015 677 2054 12
708 2026 739 2055 S.
781 2015 928 2054 ἔδωκεν
971 2015 1048 2054 ἀπὸ
1089 2015 1304 2067 χρημάτων
1340 2015 1406 2053 καὶ
1443 2014 1727 2066 ἀνδπραπόδων
1768 2015 2022 2066 ὠφελεῖσθαι,
2064 2022 2156 2055 τῶν
2196 2016 2246 2054 δὲ
2286 2015 2576 2067 ἐλευθέρων

187 2082 426 2135 σωμάτων
456 2083 667 2122 ἀπεῖπεν
698 2081 891 2134 ἅψασθαι,
922 2079 972 2122 ct.
1005 2080 1085 2122 Liv.
1115 2080 1229 2121 XXV
1258 2081 1324 2131 25,
1354 2081 1378 2121 7
1408 2079 1654 2131 „Marcellus
1686 2080 1873 2132 edixit,
1912 2093 1965 2122 ne
1995 2081 2091 2134 quis
2123 2081 2341 2122 liberum
2373 2093 2576 2135 corpus

186 2147 375 2189 violaret:
406 2151 540 2190 cetera
569 2147 747 2201 praedae
775 2146 947 2188 futura“.
978 2147 1170 2188 videmus
1201 2147 1324 2201 igitur
1353 2148 1473 2188 etiam
1508 2147 1744 2189 Diodorum
1785 2150 1824 2189 et
1855 2148 2119 2190 Plutarchum
2151 2148 2328 2190 eundem
2359 2152 2575 2191 auctorem

188 2218 361 2256 secutos
403 2227 511 2265 esse,
552 2215 623 2267 qui
667 2214 904 2256 secundum
948 2214 1073 2256 huius
1116 2214 1421 2256 dissertationis
1463 2214 1827 2269 partemj-{alteram
1869 2215 1975 2257 alius
2015 2214 2149 2257 fuisse
2189 2227 2275 2257 non
2316 2218 2458 2268 potest
2497 2216 2576 2259 nisi

188 2280 401 2335 Polybius.

387 2348 584 2391 Ceterum
629 2348 832 2390 nonnulla
873 2348 1010 2389 dicere
1041 2349 1156 2390 liceat
1198 2348 1252 2389 de
1284 2348 1460 2389 Diodori
1491 2348 1636 2402 fragm.
1667 2350 1731 2399 20,
1773 2351 1809 2398 2,
1852 2349 1972 2401 quod
2004 2349 2260 2390 Abrendtius
2303 2362 2341 2402 p.
2372 2351 2427 2391 86
2457 2363 2493 2391 v.
2528 2352 2577 2391 13

186 2415 363 2456 omnino
394 2416 588 2468 neglegit.
647 2427 786 2468 neque
816 2418 954 2456 tamen
997 2427 1049 2456 eo
1091 2415 1189 2456 loco
1223 2415 1444 2457 Diodorus
1474 2416 1685 2457 consentit
1727 2428 1821 2456 cum
1857 2416 1984 2465 Livio,
2026 2417 2098 2468 qui
2129 2416 2242 2456 XXV
2273 2417 2393 2466 31,15
2422 2416 2574 2457 famem

186 2482 463 2533 perniciosam
495 2483 564 2524 vix
595 2483 761 2524 vitatam
801 2495 899 2525 esse
929 2484 1073 2524 narrat.
1132 2481 1208 2524 sed
1249 2481 1291 2523 id
1333 2494 1385 2524 eo
1427 2482 1687 2535 intellegitur,
1728 2482 1846 2535 quod
1881 2482 2020 2525 Livius
2052 2482 2164 2524 XXV
2195 2484 2260 2534 31,
2306 2485 2355 2524 12
2397 2483 2577 2524 maxime

186 2549 409 2602 perspicue
433 2549 623 2604 Polybio,
648 2562 775 2604 quem
808 2562 948 2604 usque
977 2549 1031 2591 ad
1063 2549 1176 2592 hunc
1206 2549 1344 2591 locum
1377 2552 1552 2591 secutus
1584 2552 1678 2601 erat,
1709 2561 1732 2590 e
1762 2562 1891 2591 manu
1923 2550 2123 2604 deposito
2153 2550 2333 2604 aliquem
2365 2550 2572 2592 annalium

186 2616 429 2669 scriptorem
461 2617 502 2657 in
534 2628 685 2658 manus
717 2617 945 2670 sumpsit,³)
975 2616 1046 2670 qui
1078 2617 1184 2658 illam
1215 2616 1365 2657 famem
1398 2616 1621 2658 instantem
1653 2629 1741 2658 non
1783 2618 2153 2659 commemorabat.
2211 2630 2299 2670 quo
2331 2618 2460 2658 modo
2492 2617 2574 2657 hoc

188 2680 363 2724 Diodori
394 2682 631 2736 fragmento
662 2686 834 2737 apparet
864 2683 1155 2737 Syracusanos
1185 2683 1294 2724 fame
1325 2695 1501 2735 pressos
1531 2682 1677 2732 fuisse,
1716 2683 1755 2724 id
1795 2683 1915 2736 quod
1948 2684 2146 2725 Holmius
2178 2697 2216 2737 p.
2241 2685 2304 2734 63,
2334 2684 2404 2735 qui
2436 2683 2576 2724 leviter

187 2748 343 2789 Livium
376 2750 576 2804 sequitur,
607 2761 695 2791 non
727 2751 941 2804 cognovit.
1193 2796 1205 2809 ἦ

383 2816 646 2858 Archimedis
673 2821 848 2858 mortem
875 2818 1050 2858 Tzetzes
1075 2818 1167 2869 ipse
1191 2817 1289 2858 dicit
1314 2817 1550 2858 secundum
1579 2817 1760 2858 Dionem
1786 2829 1835 2858 ac
1862 2817 2099 2859 Diodorum
2127 2830 2173 2859 se
2198 2817 2437 2858 narravisse.
2474 2828 2571 2857 cum

184 2883 223 2923 et
252 2882 366 2934 apud
399 2882 557 2924 Livium
590 2883 742 2926 multas
773 2883 861 2926 illas
892 2896 958 2926 res
989 2883 1043 2926 de
1073 2886 1207 2926 morte
1237 2882 1406 2926 diverso
1437 2883 1571 2926 modo
1612 2896 1636 2926 a
1665 2884 1815 2926 Tzetze
1857 2887 2038 2926 narratas
2081 2883 2270 2925 nondum
2309 2882 2572 2924 inveniamus

387 2994 409 3036 ¹)
435 2992 476 3027 cf.
496 2993 602 3027 etiam
627 2993 816 3028 Schwartzi
840 2994 958 3037 verba,
982 3004 1075 3038 quae
1099 2994 1193 3038 apud
1221 2993 1623 3039 Paulyum-Wissowam
1648 2995 1693 3029 de
1720 2994 1881 3029 Diodoro
1905 2994 2118 3037 conscripsit

382 3048 409 3091 Ἰ)
435 3047 465 3082 is
489 3048 588 3082 locus
613 3048 657 3082 ad
683 3049 986 3093 expugnationem
1019 3049 1205 3084 insulae
1239 3051 1376 3093 spectat
1385 3061 1393 3091 ;
1426 3050 1513 3083 alter
1544 3052 1662 3084 autern
1688 3051 1786 3084 locus
1812 3061 1856 3084 ex
1882 3051 1997 3084 Dione
2021 3050 2251 3092 depromptus
2276 3059 2305 3082 v.
2328 3049 2501 3083 132—135
2525 3049 2570 3082 ad

181 3101 362 3144 Tychae
387 3104 702 3146 expugnationem.
727 3104 874 3138 Tzetzes
898 3105 993 3138 enim
1018 3115 1074 3138 res
1097 3105 1337 3139 commutavit.

382 3159 408 3201 8)
434 3158 468 3192 id
493 3158 598 3192 etiam
623 3160 722 3202 putat
745 3157 934 3201 SoItauius,
960 3158 1088 3192 Livius’
1112 3157 1432 3202 Geschichtswerk,
1457 3160 1556 3193 seine
1583 3160 1831 3204 Komposition
1857 3161 1929 3194 und
1954 3160 2051 3194 seine
2075 3159 2238 3199 Quellen.

1904 3525 1911 3532 a
1980 3529 2004 3532 ι...
2010 3526 2028 3532 Α,
2034 3529 2039 3532 .
2048 3530 2051 3532 .
2058 3523 2150 3532 Qua-A
2155 3523 2191 3532 «ι,-
2196 3502 2789 3532 ss.uQ—QQM
