2789 3532
1286 219 1289 220 .
1319 160 1380 201 vr

137 287 285 339 agitur.
316 300 406 339 quo
436 288 492 338 tit,
535 291 579 329 ut
619 288 703 330 hoc
734 301 913 341 quoque
951 290 1050 332 loco
1079 292 1196 344 apud
1230 292 1389 334 Livium
1430 305 1497 335 res
1537 293 1707 335 minime
1746 294 1799 336 sit
1837 294 2081 347 perspicua:
2128 293 2199 347 qui
2250 295 2350 346 post
2386 291 2541 334 iactum

138 352 296 395 foedus
327 354 446 396 aliam
480 354 726 409 Hieronymi
759 356 1012 409 legationem
1054 358 1177 400 tradit
1219 359 1517 413 Carthaginem
1556 360 1793 411 advenisse,
1831 372 1951 413 quae,
1989 360 2107 413 quod
2147 360 2388 402 mandatum
2419 361 2544 408 esset,

139 421 446 473 impetravisset
476 421 577 471 (Liv.
608 422 634 475 ξ
666 424 702 463 8.
730 424 790 472 9);
830 423 950 475 quod
982 425 1211 476 quomodo
1241 426 1327 467 fieri
1360 428 1508 479 potuit,
1548 427 1626 468 nisi
1667 428 1783 480 prius
1813 426 1970 469 foedus
2000 430 2121 469 antea
2159 430 2273 469 esset
2304 425 2545 469 sublatum?

139 487 178 528 id
210 491 349 529 autem
383 500 471 530 non
503 488 905 540 commemoratur.¹)

340 554 472 603 Quod
508 556 648 597 Livius
679 556 795 597 addit
833 568 935 606 „nec
975 558 1105 599 invito
1145 559 1381 600 Hannibale
1412 563 1690 610 manserunt“‚
1730 561 1769 601 id
1809 560 1927 602 facile
1965 562 2161 615 colligere
2200 564 2360 614 poterat
2390 573 2441 601 ex
2472 561 2544 610 eis,

139 634 249 674 quae
275 626 487 674 secuntur,
512 624 714 676 quoniam
742 624 1025 676 Hippocrates
1052 629 1091 666 et
1118 627 1340 680 Epicydes,
1371 627 1424 668 de
1448 626 1606 680 quibus
1631 628 1777 680 agitur,
1807 628 1905 670 inde
1928 628 1981 671 ab
2008 628 2090 671 hoc
2114 632 2302 682 tempore
2326 627 2544 682 Syracusis

140 701 293 742 magna
323 694 438 731 erant
468 691 723 732 auctoritate.

342 756 422 797 ΡΓο
453 758 592 798 verbis
623 761 761 798 autern
800 760 820 798 ὁ
856 761 1092 811 τεταγμένος
1122 762 1184 800 ἐπὶ
1216 762 1428 813 Λιλυβαίου
1459 765 1679 813 στρατηγὸς
1708 769 1784 802 τῶν
1815 761 2019 816 Ῥωμαίων
2045 763 2142 804 dicit
2169 763 2326 804 Livius:
2356 759 2543 812 „Appius

139 821 348 864 Claudius
375 826 550 876 praetor,
576 824 698 865 cuius
725 823 859 866 Sicilia
884 825 1101 877 provincia
1135 829 1252 868 erat“.
1312 826 1462 868 Claudi
1489 826 1661 879 quidem
1688 838 1845 868 nomen
1879 840 1974 869 cum
2002 828 2147 883 Polybi
2174 829 2294 870 locus
2319 828 2542 878 corruptus

139 890 203 938 sit,
234 889 447 930 excidisse
477 893 639 942 potest;
670 891 771 942 quin
805 891 925 932 etiam
958 893 1061 943 quin
1095 894 1305 943 exciderit,
1345 906 1431 934 non
1472 896 1535 933 est
1567 894 1756 943 dubium,
1796 896 1997 946 quoniam
2039 897 2079 935 in
2113 896 2239 936 rebus
2269 892 2542 947 Syracusanis

139 959 290 1007 postea
328 956 448 997 factis
488 968 583 997 cum
623 969 751 1009 grave
790 960 854 998 est
893 960 982 998 tum
1022 971 1046 999 a
1087 958 1264 1012 Polybio
1297 960 1546 1001 nominatur.
1590 959 1665 1000 sed
1704 961 1938 1013 τεταγμένος
1977 961 2100 1012 plane
2139 960 2367 1013 respondet
2405 958 2542 999 verbis

138 1023 283 1071 „cuius
316 1024 531 1074 provincia
562 1026 678 1073 erat“;
710 1024 788 1066 nisi
821 1024 940 1077 quod
976 1025 1115 1067 Livius
1148 1029 1276 1067 totam
1310 1025 1567 1079 provinciam
1601 1026 1698 1067 dicit
1729 1038 1807 1078 pro
1838 1027 1972 1079 capite
2002 1028 2139 1069 eius.²l

341 1089 538 1144 Sequitur
567 1091 681 1144 apud
715 1091 937 1145 Polybium
971 1092 1165 1142 lacunass)

344 1157 509 1198 Deinde
548 1170 657 1210 quae
695 1159 809 1209 apud
852 1160 1011 1199 Livium
1053 1164 1269 1200 narrantur
1307 1161 1379 1212 (ἐξ
1410 1162 1546 1209 4-ὀ),
1588 1160 1841 1212 deprompta
1880 1173 1977 1201 esse
2015 1174 2038 1201 a
2080 1161 2267 1214 Polybio,
2308 1161 2382 1201 etsi
2423 1159 2543 1200 valde

140 1226 396 1264 commutata
428 1227 466 1265 et
498 1227 710 1265 contracta
741 1228 853 1274 sunt,
885 1226 987 1267 satis
1017 1229 1207 1278 apertum
1241 1230 1314 1275 est,
1354 1229 1392 1267 et
1431 1226 1529 1278 quia
1568 1225 1715 1267 eadem
1756 1227 1915 1268 ratione
1953 1227 2068 1279 apud
2109 1230 2333 1280 utrumque
2370 1225 2541 1268 Romani

139 1289 191 1331 ab
225 1289 488 1344 Hieronymo
521 1290 802 1344 repudiantur,
843 1294 882 1333 et
922 1304 973 1334 ex
1016 1292 1195 1345 singulis
1236 1292 1361 1334 rebus
1400 1292 1500 1342 aliis,
1540 1292 1588 1334 ct.
1620 1293 1990 1347 παλινδρομήσαντα
2028 1297 2125 1347 πρὸς
2163 1297 2230 1341 τὰς
2260 1293 2543 1346 Καρχηδονίων

140 1358 349 1406 ἐλπίδας
379 1357 421 1412 (ξ
451 1359 493 1411 8)
525 1361 563 1399 et
594 1362 755 1409 „utrum
790 1371 934 1412 spem
969 1363 1192 1412 sequatur“
1222 1360 1264 1413 (ξ
1296 1362 1347 1405 5).
1408 1360 1546 1399 Livius
1578 1360 1702 1408 enim,
1742 1363 1786 1399 ut
1825 1361 2059 1409 consuevit,
2097 1361 2149 1400 ad
2188 1361 2363 1411 gloriam
2396 1360 2541 1411 populi

142 1423 317 1466 Romani
349 1425 588 1477 augendam
630 1438 694 1466 res
736 1427 915 1466 oratorie
955 1428 1184 1475 exornavit,
1224 1428 1382 1478 quippe
1420 1427 1504 1478 qui,
1544 1427 1613 1466 ubi
1656 1427 1852 1467 homines
1893 1428 2118 1478 loquentes
2148 1427 2254 1476 facit,
2292 1426 2344 1467 ab
2375 1428 2545 1467 auctore

141 1504 224 1531 suo
268 1492 403 1544 magis
447 1505 573 1544 quam
619 1494 657 1532 in
702 1493 878 1544 simplici
923 1494 1158 1534 narratione
1200 1493 1392 1535 recedere
1436 1493 1579 1534 soleat.
1652 1492 1911 1535 Ahrendtius
1955 1493 2125 1547 quidem
2169 1496 2224 1546 (p.
2256 1494 2363 1543 302)
2405 1491 2542 1533 verbis

141 1559 384 1610 praemissis
416 1559 569 1609 „Beide
600 1559 788 1601 Antoren
823 1559 1012 1601 weicheri
1044 1560 1151 1602 auch
1185 1561 1223 1601 in
1257 1561 1351 1602 dem
1380 1559 1542 1601 Bericht
1569 1560 1672 1601 iiber
1702 1559 1769 1601 die
1800 1563 1909 1602 erste
1933 1560 2265 1602 Gesandtschatt
2296 1560 2368 1601 der
2395 1559 2545 1601 Romer

139 1636 191 1665 an
226 1624 517 1679 Hieronymus
547 1625 628 1666 iast
659 1638 768 1679 ganz
798 1638 884 1666 von
917 1627 1116 1666 einander
1145 1628 1220 1666 ab“
1260 1628 1495 1678 singillatim
1537 1628 1840 1677 discrepantias
1881 1628 2096 1678 inquirens
2137 1630 2294 1666 tantum
2333 1627 2462 1674 abest,
2502 1630 2545 1665 ut

141 1692 314 1732 ironiam
359 1696 438 1732 tam
481 1694 746 1745 perspicuam
789 1694 1008 1745 intellegat,
1049 1697 1092 1734 ut
1133 1695 1241 1734 serio
1281 1694 1406 1734 dicat:
1446 1693 1586 1743 „Nach
1630 1693 1769 1734 Livius
1802 1693 1932 1734 XXlV
1963 1694 2000 1742 6,
2019 1694 2128 1734 4—6
2160 1692 2328 1734 werden
2366 1691 2432 1733 die
2462 1690 2545 1734 Ge-

142 1759 319 1800 sandten
361 1772 446 1800 von
482 1760 770 1812 Hieronymus
812 1760 924 1802 nicht
964 1760 1077 1802 ohne
1119 1760 1247 1802 Hohn
1287 1760 1515 1814 angehort3
1557 1760 1697 1802 dieses
1737 1759 1926 1801 erwahnt
1967 1759 2167 1813 Polybius
2208 1759 2330 1810 nicht,
2372 1771 2414 1800 er
2453 1762 2545 1812 sagt

141 1837 231 1875 nur,
271 1825 372 1867 dass
413 1826 491 1867 das
525 1826 781 1868 Erscheinen
824 1826 897 1867 der
939 1826 1187 1868 Gesandten
1229 1827 1310 1868 den
1353 1827 1494 1879 Konig
1537 1828 1607 1867 mit
1639 1818 1771 1879 Rrger
1810 1826 1969 1866 eritillte
2008 1828 2085 1867 (ἅτ’
2121 1828 2160 1865 ἐν
2192 1828 2290 1878 μίσει
2322 1830 2440 1865 ὄντων
2471 1834 2545 1865 τῶν

140 1894 386 1947 πρεσβευτῶν
420 1894 487 1933 Vll
520 1895 557 1943 3,
582 1896 633 1943 2).
694 1893 811 1934 Nach
847 1895 985 1934 Livius
1028 1894 1134 1946 fragt
1179 1895 1465 1946 Hieronymus
1509 1894 1576 1934 die
1617 1893 1868 1935 Gesandten
1914 1893 2018 1934 nach
2063 1893 2157 1934 dem
2202 1893 2433 1945 Ausgange
2474 1892 2547 1933 der

141 1960 336 2000 Schlacht
368 1961 432 2000 bei
467 1961 636 2009 Canna;
678 1961 783 2001 nach
817 1961 1019 2013 Polybius
1054 1962 1182 2002 weiss
1214 1962 1287 2001 der
1320 1962 1461 2013 Konig
1497 1961 1634 2002 sehon
1675 1973 1759 2002 von
1802 1960 1884 2001 den
1918 1959 2184 2002 Schicksalen
2226 1959 2298 2000 der
2323 1958 2474 2002 Romer
2505 1959 2543 2000 in

142 2028 278 2068 italien
312 2030 399 2068 und
434 2028 593 2079 spricht
624 2028 705 2069 den
738 2028 986 2070 Gesandten
1021 2029 1108 2070 sein
1144 2028 1359 2070 Bedauern
1400 2041 1490 2079 aus,
1530 2028 1631 2070 dass
1672 2040 1718 2070 es
1759 2027 1840 2069 den
1883 2026 2064 2070 Romern
2106 2026 2144 2068 in
2186 2026 2266 2068 den
2298 2025 2543 2068 Schlachten

141 2093 302 2149 (Polyb.
329 2094 395 2135 Vll
428 2095 465 2146 3,
484 2095 522 2145 2,
553 2095 712 2149 μάχαις)
755 2093 826 2135 auf
868 2094 1094 2136 italischem
1141 2094 1289 2136 Boden
1334 2095 1431 2135 sehr
1473 2095 1661 2136 schlecht
1704 2106 1917 2147 ergangen
1951 2095 2043 2133 sei.“
2102 2094 2227 2132 verba
2262 2097 2397 2132 autem
2430 2097 2545 2132 κακοὶ

140 2169 274 2207 κακῶς
305 2162 347 2213 (ἓ
379 2164 420 2201 2)
463 2166 501 2201 et
542 2174 638 2212 „per
677 2163 841 2201 iocum“
881 2164 921 2212 (ξ
951 2164 992 2211 4)
1032 2164 1192 2201 vidisse
1235 2175 1320 2202 non
1366 2164 1537 2202 videtur.
1582 2163 1729 2202 similia
1762 2162 1801 2201 in
1844 2161 1982 2201 verbis
2026 2160 2225 2200 Ahrendti
2270 2160 2545 2211 sequentibus

141 2228 421 2277 inveniuntur,
464 2228 535 2280 qui
571 2240 623 2268 ne
653 2227 866 2269 vocabulo
907 2228 1077 2280 quidem
1119 2229 1286 2278 ,‚serio“,
1329 2228 1447 2280 quod
1481 2228 1506 2281 ξ
1538 2229 1564 2269 6
1596 2228 1797 2280 sequitur,
1838 2227 2051 2268 adductus
2095 2230 2169 2275 est,
2212 2229 2255 2266 ut
2297 2226 2424 2267 totius
2468 2226 2544 2267 loci

141 2295 315 2335 ironiam
349 2296 652 2348 perspiceret.⁴)

342 2362 475 2410 Quod
533 2362 673 2402 Livius
728 2363 905 2403 classem
964 2362 1194 2404 Romanam
1247 2362 1490 2415 Pachynum
1546 2362 1784 2402 accessisse
1838 2361 2002 2401 silentio
2052 2360 2340 2412 praetermittit,
2394 2361 2546 2401 nullius

142 2430 343 2469 momenti
376 2431 449 2469 est.
1980 2438 1983 2440 ’

343 2495 427 2537 Pol.
459 2499 495 2547 4,
526 2498 630 2536 le-2
658 2500 695 2537 et
724 2496 804 2538 Liv.
830 2498 866 2547 6,
890 2498 912 2537 7
940 2496 1062 2549 plane
1094 2496 1197 2537 inter
1223 2508 1270 2537 se
1295 2496 1579 2537 consentiunt.
1612 2495 1817 2548 proximis
1852 2493 2121 2547 paragraphis
2147 2494 2211 2534 89
2238 2493 2375 2534 Livius
2402 2493 2546 2547 Polybi

142 2575 229 2614 cap.
260 2565 298 2611 4,
321 2565 431 2604 4—9
463 2564 515 2604 ita
546 2564 692 2613 reddit,
735 2567 778 2604 ut
812 2576 895 2604 rem
929 2564 968 2603 in
1010 2564 1180 2604 brevius
1224 2563 1451 2604 contrahat.
1492 2563 1610 2614 quod
1654 2563 1792 2603 Livius
1833 2573 2009 2614 quoque
2050 2573 2144 2601 cum
2190 2561 2415 2602 Hieronem
2460 2564 2546 2601 tum

327 2634 784 2687 .¹).-ffinc„.fflfffiuuatem
820 2655 946 2695 postea
979 2653 1156 2685 concessit
1190 2652 1295 2684 etiam
1331 2651 1557 2691 Ahrendtius,
1591 2651 1741 2694 Syrakus
1777 2651 1822 2683 im
1854 2651 1884 2683 2.
1912 2660 1993 2692 pun.
2023 2649 2077 2683 Kr.
2100 2649 2138 2682 ll.
2168 2649 2300 2684 Konitz.
2330 2650 2424 2691 1905,
2459 2660 2490 2692 p.
2517 2650 2546 2682 6.

141 2708 216 2740 sed.
244 2707 286 2741 ci.
314 2710 399 2750 part.
429 2708 438 2741 l
467 2718 545 2751 pag.
566 2709 627 2742 29!

345 2776 371 2817 2)
402 2775 603 2819 Lilybaeum
630 2778 703 2808 tum
732 2776 855 2809 sedem
882 2775 1200 2809 administrationis
1228 2774 1409 2809 Romanae
1436 2774 1544 2808 fuisse
1571 2774 1727 2807 ostendit
1755 2774 1921 2806 Holmius
1948 2773 1992 2805 ΙΙΙ
2019 2783 2051 2815 p.
2078 2773 2129 2805 75.

345 2844 371 2883 ³)
401 2842 617 2875 Ahrendtius
643 2852 674 2884 p.
701 2843 778 2882 21,3
803 2843 939 2875 videtur
965 2842 1158 2884 putavisse,
1192 2851 1283 2883 quae
1311 2842 1460 2875 Ursinus
1486 2842 1674 2884 supplevit,
1708 2852 1727 2873 a
1755 2841 1903 2883 Polybio
1928 2840 2052 2872 tradita
2078 2841 2173 2872 esse!
2202 2859 2233 2863 -
2275 2840 2381 2872 verba
2408 2840 2468 2873 Vll
2495 2840 2549 2881 3,2

141 2904 175 2932 ἐν
203 2905 286 2938 μίσει.
318 2903 422 2932 ὄντων
458 2901 603 2941 propter
628 2898 760 2931 hiatum
797 2908 815 2930 a
852 2897 999 2941 Polybio
1035 2897 1161 2940 scripta
1196 2907 1276 2930 esse
1308 2907 1377 2930 non
1414 2899 1573 2940 possunt.
1610 2906 1726 2940 neque
1760 2905 1844 2930 vero
1878 2905 1969 2938 quae
1994 2894 2054 2928 viri
2087 2894 2180 2928 docti
2206 2894 2441 2937 coniecerunt,
2465 2895 2549 2928 satis

140 2954 288 2996 placent.
316 2954 485 2996 equidem
513 2954 681 2986 existimo
706 2954 962 2995 descriptorem
990 2954 1143 2995 aliquem
1172 2954 1294 2985 rudem
1321 2957 1464 2996 propter
1489 2955 1664 2992 lacunam,
1696 2962 1803 2994 quam
1840 2952 1861 2992 ξ
1892 2953 1902 2983 l
1942 2951 2010 2983 iam
2044 2951 2120 2992 ipse
2155 2951 2343 2991 invenerat,
2377 2951 2549 2985 adiecisse

140 3010 247 3045 verba
272 3015 333 3045 εἶτ’
360 3015 394 3045 ἐν
421 3016 506 3053 μίσει
533 3013 637 3043 ὄντων
664 3014 728 3043 τῶν
755 3013 961 3051 πρεσβευτῶν
988 3013 1036 3041 εἷ’.
1062 3012 1096 3042 ἐν
1123 3012 1334 3051 μίπειβντυνι
1361 3014 1424 3041 τῶν
1452 3012 1701 3051 Καρχηδονίων.
1736 3017 1817 3040 nam
1844 3016 1923 3039 cum
1956 3016 2075 3049 regem
2104 3005 2271 3041 Romanis
2296 3016 2334 3039 se
2359 3006 2550 3039 condolere

141 3072 408 3108 (συλλυπεῖσθαι)
434 3068 570 3100 dixisse
598 3068 742 3108 legeret,
768 3067 801 3099 id
828 3066 925 3108 quod
946 3076 1032 3099 sane
1053 3077 1114 3107 per
1140 3066 1327 3099 ludibrium
1346 3066 1476 3100 dictum
1504 3070 1567 3107 est,
1594 3065 1658 3099 utri
1682 3064 1903 3107 Hieronymo
1922 3062 2147 3106 displicerent
2167 3062 2281 3106 legati.
2307 3062 2488 3098 dubitavit.
2510 3083 2548 3086 -

144 3123 289 3166 Propria
315 3123 419 3167 igitur
446 3122 570 3166 Polybi
597 3121 704 3156 verba
730 3131 749 3155 a
775 3131 862 3155 voce
889 3125 952 3164 ἐφη
981 3121 1063 3154 mihi
1090 3121 1251 3154 videntur
1276 3121 1437 3164 incipere.

344 3192 370 3232 ⁴)
400 3190 480 3223 Hoc
530 3190 610 3222 loco
662 3189 889 3231 potissimum
938 3198 1148 3231 cognoscaS,
1197 3199 1266 3230 qua
1318 3190 1452 3222 ratione
1495 3188 1712 3221 Ahrendtius
1754 3197 1897 3229 semper
1943 3196 2160 3219 consensum
2203 3186 2246 3219 ad
2288 3186 2434 3219 verbum
2479 3185 2550 3219 iere

142 3256 354 3290 expressum
381 3246 547 3289 postulat.
