2789 3532
1344 116 1382 157 V

371 248 455 292 Sed
496 249 741 304 priusquam
782 248 837 291 ad
879 248 1015 302 ipsam
1057 248 1422 302 oppugnationem
1465 250 1684 300 transeam,
1726 259 1842 290 nunc
1870 259 1960 289 eam
2003 259 2138 289 rerum
2179 249 2302 289 antea
2341 249 2557 301 gestarum

172 318 342 369 partem,
371 327 482 369 quae
510 319 550 358 et
578 328 602 358 a
634 317 748 358 Livio
779 319 818 357 et
846 327 871 357 a
901 315 1078 369 Polybio
1109 315 1236 357 nobis
1266 318 1427 357 servata
1457 316 1567 368 est,¹)
1608 315 1941 365 consideremus,
1981 316 2080 368 quia
2118 327 2205 357 non
2237 315 2378 357 solum
2410 314 2557 356 eadem

172 383 275 425 ratio
313 395 423 437 quae
460 387 609 438 postea
648 384 688 425 in
727 382 1052 436 oppugnatione
1089 381 1368 424 describenda
1406 383 1511 424 inter
1546 384 1741 424 auctores
1781 382 1874 423 illos
1909 382 2072 424 videtur
2109 382 2373 431 intercedere,
2410 392 2556 423 verum

172 451 292 492 etiam
324 449 581 494 Ahrendtius
612 464 665 493 ex
696 450 848 492 horum
880 461 1057 502 quoque
1086 449 1268 502 capitum
1299 450 1524 492 collatione
1554 449 1757 491 nonnulla
1786 452 2101 503 argumentatus
2131 452 2206 492 est.

365 519 453 572 Jam
485 530 586 560 vero
615 518 656 559 id
689 516 951 559 monendum
983 519 1047 558 est
1078 517 1249 567 Livium,
1284 529 1380 559 cum
1412 518 1545 559 multo
1585 517 1753 558 brevius
1791 517 2102 570 angustiusque
2140 529 2205 559 res
2244 519 2389 566 narret,
2428 528 2555 569 quam

172 583 383 639 Polybius,
422 597 509 627 non
550 585 703 635 solum,
742 595 851 636 quae
889 583 923 625 ei
963 583 1129 625 levioris
1168 585 1368 626 momenti
1410 584 1608 635 videatur,
1646 583 1879 634 omittere,²)
1918 584 1994 626 sed
2032 584 2164 635 etiam,
2203 596 2312 637 quae
2347 586 2413 625 est
2454 583 2556 624 ratio

171 652 260 693 eius
292 652 513 702 scribendi,
551 654 591 704 et
620 653 802 691 narratas
834 662 899 691 res
930 651 971 692 in
1003 650 1191 692 breviora
1220 651 1345 693 verba
1376 651 1621 693 contrahere
1651 654 1690 692 et
1721 650 1787 691 hie
1817 651 1894 691 illic
1922 651 1975 691 ad
2006 651 2290 692 exornandam
2322 650 2554 691 orationem

169 718 295 760 verba
325 719 517 768 inserere,
547 728 657 770 quae
688 717 771 758 Livi
803 729 900 758 esse
928 716 1014 758 fere
1045 728 1211 770 semper
1239 717 1357 760 facile
1386 718 1673 771 cognoscitur.

369 784 453 826 Pol.
484 784 552 825 Vll
584 785 609 824 2
649 786 688 825 et
729 784 810 827 Liv.
840 784 971 825 XXIV
1000 785 1036 826 6.
1068 809 1119 813 —
1162 797 1275 827 nunc
1318 785 1485 839 singula
1526 785 1728 837 deinceps
1769 784 1897 825 verba
1938 784 2184 836 scriptorum
2228 797 2465 837 persequar.
2507 797 2555 825 ac

169 852 347 904 primum
379 851 591 893 notandae
621 853 720 892 sunt
751 851 906 892 similes
937 852 1277 894 constructiones
1308 853 1611 906 ἐκχωρήσαντος
1640 860 1708 892 τοῦ
1738 850 1950 905 Θράσωνος
1979 854 2019 892 et
2048 851 2288 901 „Thrasone
2317 851 2554 900 sublato“.³)

169 923 257 960 tum
288 921 489 960 secuntur
517 918 654 966 verba,
685 930 794 971 quae
823 930 847 959 a
878 918 992 960 Livio
1022 919 1161 961 addita
1191 932 1288 962 esse
1317 923 1489 973 apparet
1518 919 1755 972 „extemplo
1786 918 1899 960 haud
1931 918 2058 960 dubie
2096 918 2148 959 ad
2179 918 2455 960 detectionem
2488 930 2553 960 res

170 985 417 1038 spectabat“,
455 997 590 1038 aeque
619 988 746 1038 atque
783 988 904 1026 antea
941 986 1082 1038 „quod
1123 999 1254 1027 unum
1281 988 1493 1028 vinculum
1534 999 1631 1028 curn
1664 987 1865 1029 Romanis
1904 986 2113 1027 societatis
2144 988 2259 1026 erat.“
2297 986 2422 1038 paulo
2453 989 2555 1038 post

169 1052 429 1105 respondent
460 1053 563 1093 inter
594 1064 641 1093 se
670 1052 796 1094 verba
825 1053 1061 1106 πρεσβευτὰς
1091 1057 1187 1106 πρὸς
1216 1057 1282 1095 τὸν
1314 1054 1493 1108 Ἀννίβαν
1523 1055 1672 1108 πέμψαι
1703 1056 1742 1095 et
1771 1053 2003 1106 „legatique
2027 1052 2078 1093 ad
2107 1052 2378 1093 Hannibalem
2402 1053 2556 1103 missi“‚

168 1130 256 1171 quo
296 1119 393 1160 loco
434 1119 707 1160 Liviuscum
747 1120 1044 1160 accuratiorem
1084 1121 1404 1172 explicationem
1445 1122 1594 1162 omittit
1636 1124 1723 1161 tum
1768 1121 2000 1172 legatorum
2044 1119 2225 1169 nomina,
2277 1131 2384 1171 quae
2426 1131 2554 1171 saepe

166 1185 280 1237 apud
311 1197 407 1226 eum
440 1185 739 1235 desiderantur,
770 1185 819 1226 cf.
845 1185 930 1227 Pol.
956 1187 1023 1226 Vll
1054 1188 1112 1236 4,1
1150 1190 1189 1227 et
1220 1187 1302 1228 Liv.
1327 1188 1457 1228 XXlV
1486 1189 1570 1238 6‚7;
1601 1188 1757 1228 Nissen
1790 1200 1829 1239 p.
1853 1188 1927 1237 28;
1957 1186 2069 1227 Guil.
2096 1185 2270 1226 Michael
2295 1198 2333 1237 p.
2357 1187 2419 1226 27.

366 1252 472 1293 Tum
501 1252 640 1293 Livius
667 1264 923 1305 quamquam
955 1253 1225 1305 gravissimas
1257 1256 1416 1294 tantum
1449 1266 1513 1295 res
1545 1266 1597 1294 ex
1623 1254 1799 1307 Polybio
1825 1253 2023 1305 excerpit,
2052 1255 2188 1293 tamen
2213 1252 2349 1293 verbis
2380 1252 2551 1304 quidem

168 1318 382 1360 nonnullis
412 1321 625 1360 auctorem
658 1318 815 1371 prodit;
845 1318 895 1360 ci.

433 1401 611 1456 Ἀννίβας
641 1404 683 1443 δὲ
713 1436 720 1443 .
753 1436 759 1442 .
791 1436 797 1442 .
829 1437 836 1444 .
867 1404 982 1443 πάλιν
1014 1404 1217 1457 ἀπέπεμπε
1248 1437 1255 1445 .
1288 1437 1294 1444 .
1325 1437 1333 1445 .
1402 1416 1451 1445 ac
1481 1404 1641 1445 remissi
1672 1404 1724 1445 ab
1756 1417 1806 1445 eo

432 1472 516 1510 σὺν
547 1471 588 1510 δὲ
618 1472 766 1519 τούτοις
797 1469 976 1525 Ἀννίβαν
1403 1483 1498 1513 cum
1533 1471 1765 1513 Hannibale

367 1552 636 1606 Hippocratis
667 1554 838 1607 quidem
871 1557 909 1596 et
942 1554 1139 1609 Epicydis
1179 1554 1382 1608 originem
1422 1554 1591 1597 brevius
1630 1555 1804 1608 aliisque
1842 1555 1980 1597 verbis
2013 1557 2146 1596 narrat
2184 1566 2307 1608 quam
2340 1554 2552 1608 Polybius,

167 1619 254 1669 sed,
284 1620 403 1671 quod
434 1624 645 1670 „materno
670 1624 847 1673 genere“
876 1622 1002 1671 addit,
1031 1623 1137 1663 alius
1168 1622 1298 1663 fontis
1325 1623 1522 1664 iudicium
1549 1636 1636 1663 non
1662 1626 1737 1664 est.
1768 1636 1862 1663 nam
1887 1623 1940 1663 ad
1966 1622 2311 1674 consequendam
2337 1622 2552 1669 civitatem,

165 1698 291 1739 quam
321 1686 465 1729 fratres
497 1687 699 1730 habuisse
729 1692 767 1730 et
798 1689 999 1741 Polybius
1031 1689 1128 1730 dicit
1167 1692 1206 1731 et
1242 1690 1334 1742 ipse
1371 1690 1509 1732 verbis
1548 1690 1700 1740 „Poeni
1741 1691 1842 1742 ipsi“
1882 1690 2100 1742 significat,
2136 1689 2414 1730 necessarium
2455 1700 2552 1730 esse

165 1754 277 1794 ratus
309 1755 476 1794 matrem
509 1765 684 1807 quoque
714 1766 804 1796 eam
837 1754 1038 1797 habuisse
1069 1755 1234 1808 scripsit
1263 1755 1415 1806 „Poeni
1448 1758 1636 1798 materno
1666 1756 1886 1810 genere“.⁴)

366 1820 530 1860 Deinde
560 1821 656 1861 dicit
689 1822 827 1862 Livius
858 1822 884 1874 ἓ
915 1824 939 1861 3
979 1823 1140 1871 „iuncta
1180 1824 1362 1863 societas
1395 1823 1617 1864 Hannibali
1657 1836 1705 1864 ac
1735 1823 1999 1877 Syracusano
2031 1826 2238 1876 tyranno“,
2279 1824 2397 1874 quod
2436 1822 2550 1873 apud

166 1885 384 1940 Polybium
418 1899 504 1928 non
536 1888 752 1939 invenitur,
781 1892 907 1942 atque
938 1889 964 1942 ἓ
997 1891 1020 1929 7
1051 1890 1336 1942 comperimus
1376 1903 1428 1932 ex
1469 1891 1668 1932 societate
1707 1903 1802 1933 cum
1838 1891 2072 1932 Hannibale
2110 1894 2226 1943 pacta
2262 1889 2416 1931 foedus
2449 1890 2553 1930 inter

167 1953 470 2007 Hieronymum
511 1958 549 1996 et
581 1954 952 2009 Carthaginienses
983 1955 1138 1998 factum
1180 1969 1278 1999 esse
1318 1970 1365 1999 ea
1405 1957 1662 2007 conditione,
1701 1960 1745 1999 ut
1784 1957 1916 2000 Sicilia
1955 1957 2214 1999 divideretur.
2245 1969 2383 2010 neque
2412 1960 2550 1998 tamen

164 2019 217 2060 de
247 2019 406 2062 Siciliae
435 2021 644 2063 divisione
677 2023 883 2064 Hannibal
917 2024 1157 2065 societatem
1190 2025 1363 2078 iungere
1393 2027 1566 2077 poterat,
1607 2025 1682 2066 sed
1724 2025 1777 2066 de
1814 2025 1978 2067 auxiliis
2020 2025 2306 2077 subsidiisque
2344 2036 2394 2065 ex
2427 2026 2551 2075 pacto

165 2087 387 2128 mittendis.
447 2088 709 2142 Hieronymo
739 2093 877 2130 autem
919 2090 951 2131 si
990 2090 1043 2131 de
1073 2090 1230 2132 Siciliae
1270 2091 1479 2132 divisione
1518 2093 1743 2133 convenire
1782 2092 1960 2142 volebat,
2003 2104 2089 2133 non
2129 2091 2338 2144 iungenda
2369 2092 2551 2132 societas

164 2166 259 2194 cum
293 2154 537 2205 Hannibale,
570 2156 644 2197 sed
678 2155 974 2210 Carthaginem
1016 2158 1149 2210 ipsam
1190 2158 1440 2200 mittendum
1481 2162 1574 2200 erat.
1615 2158 1698 2200 hoc
1738 2160 1861 2213 igitur
1900 2160 1996 2201 loco
2037 2160 2076 2199 in
2119 2159 2346 2199 narratione
2387 2158 2552 2199 Liviana

163 2220 319 2273 aliquid
362 2221 533 2262 obscuri
577 2223 718 2264 inesse
758 2223 964 2274 videmus,
1006 2225 1125 2277 quod
1166 2225 1281 2278 apud
1324 2225 1545 2279 Polybium
1595 2238 1680 2267 non
1732 2227 1956 2276 invenitur;
2004 2227 2038 2267 is
2087 2227 2192 2266 enim
2241 2225 2406 2278 proprie
2454 2226 2552 2267 dicit

166 2287 468 2342 Hieronymum
522 2290 682 2343 legatos
732 2291 785 2332 ad
838 2291 1114 2333 Hannibalem
1167 2293 1336 2334 misisse
1388 2294 1477 2341 δοὺς
1519 2294 1679 2342 ἐντολὰς
1717 2294 1848 2334 λαλεῖν
1899 2296 2021 2347 ὑπὲρ
2073 2294 2435 2346 κοινοπραγίας
2474 2300 2552 2341 τοῖς

163 2354 462 2408 Καρχηδονίοις,
495 2357 516 2398 i.
542 2370 574 2398 e.
606 2358 659 2398 de
690 2358 816 2402 rebus
847 2360 1125 2400 communiter
1154 2360 1363 2412 gerendis.
1395 2360 1478 2402 hoc
1508 2362 1632 2413 igitur
1670 2362 1767 2402 loco
1807 2374 1893 2402 non
1927 2362 2129 2402 habemus
2160 2361 2266 2401 duas
2297 2360 2552 2410 traditiones,

163 2433 272 2475 quae
302 2423 406 2464 inter
436 2435 482 2464 se
513 2424 762 2477 discrepant,
794 2425 870 2466 sed
898 2426 1037 2467 Livius
1069 2426 1108 2467 in
1133 2427 1336 2468 vertendo
1368 2430 1406 2468 et
1437 2431 1608 2480 propter
1633 2428 1939 2481 neglegentiam
1966 2429 2253 2480 levitatemque
2278 2430 2315 2468 et
2341 2427 2551 2469 brevitatis

163 2488 427 2543 effectusque
465 2503 592 2533 causa
631 2491 805 2534 libenter
844 2506 921 2545 pro
961 2494 1212 2547 praeparatis
1252 2494 1371 2547 ponit
1410 2507 1476 2537 res
1515 2495 1664 2537 factas:
1708 2496 1847 2549 itaque
1886 2495 1923 2537 h.
1955 2496 1975 2537 l.
2016 2496 2110 2537 dicit
2148 2495 2307 2545 „iuncta
2346 2495 2552 2537 societas“

163 2568 302 2609 neque
330 2558 443 2599 aliter
473 2558 499 2610 ξ
532 2560 555 2598 7
586 2561 840 2610 ,‚convenit“,
872 2561 942 2601 ubi
973 2562 1087 2613 apud
1119 2561 1337 2615 Polybium
1370 2562 1454 2613 (Vll
1486 2564 1623 2612 4‚1.3.
1640 2564 1679 2614 7)
1711 2564 1763 2603 de
1794 2563 2016 2604 tractandis
2047 2565 2202 2603 tantum
2234 2562 2551 2602 conditionibus

367 2647 389 2688 ¹)
417 2646 491 2679 Pol.
518 2647 580 2680 Vll
606 2648 711 2689 2—4;
738 2648 807 2682 Liv.
833 2649 947 2682 XXIV
971 2650 1002 2683 6.

363 2701 389 2744 ²)
416 2701 545 2744 itaque,
571 2702 599 2735 si
625 2703 710 2745 quid
735 2703 837 2737 deest
861 2704 956 2747 apud
981 2714 1075 2747 eum,
1100 2705 1182 2739 inde
1207 2705 1315 2738 ullum
1341 2708 1589 2749 argumentum
1616 2707 1751 2740 alienae
1777 2707 1989 2741 auctoritatis
2014 2707 2091 2740 duci
2117 2716 2186 2739 non
2213 2708 2338 2748 potest.

363 2757 389 2798 ³)
418 2756 497 2790 Hoc
532 2757 601 2791 Livi
644 2758 724 2792 loco
768 2759 1033 2794 demonstratur
1066 2761 1173 2795 verba
1206 2761 1263 2795 illa
1300 2765 1557 2805 ἐκχωρήσαντος
1593 2767 1650 2795 τοῦ
1687 2765 1875 2804 Θράσωνος,
1910 2764 2037 2806 quibus
2073 2764 2254 2805 excerptor
2291 2765 2339 2794 ὅτι
2375 2767 2460 2803 μετὰ
2495 2767 2552 2804 τὴν

162 2814 336 2854 ἐπιβουλὴν
369 2816 428 2854 τὴν
461 2817 550 2846 κατὰ
583 2816 779 2857 Ἱερωνύμου
813 2820 870 2849 τοῦ
904 2819 1065 2858 βασιλὲως
1099 2820 1311 2860 Συρακοσίων
1344 2818 1556 2862 anteposuit,
1593 2818 1669 2852 sine
1702 2818 1811 2853 dubio
1846 2818 1967 2863 Polybi
2004 2828 2082 2852 esse
2119 2827 2234 2861 neque
2271 2820 2362 2851 recte
2399 2818 2552 2852 iudicare

164 2866 626 2913 Buettnerum-Wobstium,
651 2871 711 2914 qui
736 2871 824 2905 haec
847 2881 993 2916 quoque
1018 2872 1082 2906 tria
1107 2874 1213 2907 verba
1238 2874 1434 2917 excerptori
1461 2874 1624 2908 attribuit.

361 2926 386 2965 ⁴)
415 2925 530 2959 Livius
556 2926 661 2968 enim,
692 2927 721 2960 si
746 2928 825 2970 quis
850 2928 885 2961 in
911 2929 1084 2963 civitatem
1110 2933 1298 2973 susceptus
1323 2933 1429 2972 esset,
1462 2933 1497 2965 et
1526 2934 1659 2974 patrem
1694 2934 1728 2964 et
1753 2934 1899 2965 matrem
1934 2932 2025 2965 cives
2050 2931 2158 2964 tuisse
2183 2931 2431 2964 arbitrabatur:
2458 2933 2552 2975 apud

162 2977 476 3024 Carthaginienses
501 2983 618 3016 autem
645 2982 680 3016 in
706 2983 810 3017 unius
837 2983 944 3027 patris
975 2984 1112 3019 civitate
1146 2985 1200 3019 ius
1231 2986 1376 3021 civitatis
1410 2987 1565 3030 positum
1600 2986 1709 3024 tuisse
1743 2987 1813 3021 veri
1840 2987 1987 3021 similius
2024 2989 2085 3021 est,
2111 2986 2324 3029 ci.Meltzer,
2360 2986 2493 3022 Gesch.
2519 2988 2551 3022 d.

162 3035 356 3078 Karthager
380 3036 408 3068 ΙΙ
434 3046 467 3078 p.
495 3038 535 3070 18
560 3046 586 3070 s.
607 3037 648 3070 cf.
665 3038 837 3071 Herodot.
858 3039 920 3072 Vll
950 3040 1012 3072 166
1044 3043 1209 3081 ‘Aptamg
1234 3045 1464 3084 Καρχηδόνιος
1493 3046 1555 3075 ἐὼν
1581 3047 1661 3084 πρὸς
1687 3048 1820 3084 πατρὸς,
1855 3047 2022 3086 μητρόθεν
2055 3047 2090 3075 δὲ
2116 3047 2328 3085 Συρηκόσιος,
2363 3045 2423 3087 qui
2455 3046 2553 3078 locus

160 3089 232 3125 iere
258 3091 442 3127 concinere
466 3092 603 3127 videtur
626 3103 706 3128 cum
733 3093 839 3129 Livio.
865 3105 936 3129 non
963 3098 1055 3130 recte
1080 3097 1185 3139 igitur
1208 3098 1315 3132 verba
1339 3098 1396 3132 illa
1421 3109 1441 3133 a
1462 3099 1557 3132 Livio
1582 3099 1700 3133 addita
1726 3099 1921 3133 Ahrendtio
1945 3106 1991 3142 (p.
2006 3101 2062 3137 38)
2092 3102 2303 3142 argumento
2329 3104 2420 3135 sunt.
2447 3113 2554 3136 voces

160 3155 306 3190 quoque
325 3148 418 3190 „nati
438 3147 676 3193 Carthagine“
689 3150 733 3183 ad
753 3150 869 3194 ipsum
891 3149 1077 3195 Polybium
1098 3151 1215 3186 referri
1235 3155 1397 3196 possunt,
1423 3154 1522 3187 cuius
1541 3154 1748 3197 gravissima
1768 3154 1874 3189 verba
1898 3158 2169 3196 πολιτευομένους
2195 3159 2287 3198 παρὰ
2311 3159 2554 3201 Καρχηδονίοις

164 3202 380 3238 Ahrendtius
404 3205 509 3247 plane
533 3206 699 3248 neglegit.
725 3206 766 3240 cf.
793 3207 900 3240 etiam
925 3206 1019 3241 Guil.
1039 3208 1192 3242 Michael
1217 3219 1250 3251 p.
1268 3210 1321 3242 26.
