2789 3532
1219 209 1232 211 -
1243 150 1401 211 n2(Xll

144 293 178 323 c.
211 282 273 332 14,
307 282 357 323 17
388 284 486 334 ὑπὲρ
517 283 559 322 δὲ
589 282 764 335 μεγάλου
795 282 1012 335 ζεύλματος
1042 282 1140 324 dicit
1170 294 1296 325 usum
1329 294 1437 333 esse,
1475 293 1733 335 quamquam
1773 282 1876 335 quin
1916 294 1950 323 c.
1984 284 2045 333 14,
2078 284 2240 324 14-20
2279 294 2366 325 non
2406 283 2548 325 minus

144 360 271 400 quam
303 350 419 401 apud
460 349 604 401 Polyb.
635 349 719 388 Vlll
751 351 788 397 5,
817 350 940 397 6—6,
969 351 996 389 2
1038 353 1077 390 et
1121 350 1202 391 Liv.
1233 350 1363 390 XXlV
1391 351 1457 400 34,
1485 350 1595 390 4-7
1636 349 1837 391 continua
1879 349 1931 391 sit
1972 349 2150 391 narratio
2191 352 2231 391 et
2272 361 2361 393 uno
2402 352 2549 393 tenore

144 415 249 457 inter
275 427 324 458 se
347 415 567 458 cohaereat
592 414 769 457 dubitari
795 415 952 468 nequit.
984 415 1138 459 deinde
1168 416 1218 458 illi
1249 416 1356 458 vitae
1383 415 1565 458 attribuit
1595 414 1852 458 Ahrendtius
1882 415 2004 458 etiam
2035 427 2068 458 c
2096 416 2158 467 14,
2181 417 2359 469 21—-27,
2388 415 2548 471 quibus

142 493 167 523 a
197 480 422 525 Plutarcho
464 480 562 522 nihil
605 481 764 531 dicitur,
807 482 886 522 nisi
929 493 1041 535 quae
1082 483 1122 523 in
1166 484 1226 525 eis
1268 495 1444 536 quoque
1485 482 1673 536 partibus
1715 483 1921 536 leguntur,
1963 494 2073 535 quae
2111 494 2251 524 revera
2288 479 2340 524 ex
2371 484 2436 524 illa
2465 483 2548 525 vita

144 552 430 591 manaverunt.
468 549 508 588 in
548 560 596 588 ea
633 551 773 588 autem
813 548 961 588 eadem
1002 549 1069 590 bis
1109 550 1217 591 dicta
1245 550 1380 591 fuisse
1409 550 1580 602 cogitari
1612 561 1700 590 non
1731 552 1884 601 potest.
1914 549 1964 590 cf.
1989 562 2023 590 c.
2057 551 2118 599 17,
2145 550 2311 590 20—22
2340 549 2430 603 (τὴν
2459 551 2548 603 περὶ

142 618 192 654 τὰ
221 619 427 668 μηχανικὰ
450 615 719 667 πραγματείαν
744 617 811 653 καὶ
834 622 966 655 πᾶσαν
992 617 1094 663 ὅλως
1117 617 1261 669 τέχνην
1285 618 1460 669 χρείας
1484 616 1756 670 ἐφαπτομένην
1782 617 1927 669 ἀγεννῆ
1951 617 2018 656 καὶ
2042 615 2236 670 βάναυσον
2260 615 2547 670 ἡγησάμενος);

143 693 177 722 e.
212 683 274 731 14,
303 683 467 722 55—57
506 680 544 731 (ὁ
576 681 754 733 βασιλεὺς
784 679 887 731 (scil.
913 679 1067 734 Ἱέρων)
1092 715 1235 724 .....
1265 685 1395 723 ἔπεισε
1424 686 1489 723 τὸν
1520 682 1802 736 Ἀρχιμήδην);
1841 693 1874 723 c.
1909 682 1970 731 14,
1999 682 2165 722 36—40
2203 681 2273 733 (ὡς
2302 682 2548 730 ἀπολλύντας

143 749 211 788 καὶ
247 748 546 801 διαφθείροντας
569 749 613 787 τὸ
643 747 883 800 γεωμετρίας
914 748 1071 800 ἀγαθὸν
1111 750 1206 789 ἀπὸ
1244 757 1337 789 τῶν
1374 751 1647 803 ἀσωμάτων
1677 751 1759 788 καὶ
1789 755 1979 800 νοητῶν
2009 749 2376 800 ἀποδιδρασκούσης
2405 749 2469 787 ἐπὶ
2498 750 2548 787 τὰ

143 816 369 867 αἰσθητὰ
410 817 475 854 καὶ
516 814 826 867 προσχρωμένης
868 815 983 862 αὖθις
1025 817 1074 854 αὖ
1116 816 1266 869 σώματι
1313 817 1463 868 πολλῆς
1504 818 1570 856 καὶ
1611 821 1797 868 φορτικῆς
1844 815 2154 868 βαναυσουργίας
2194 814 2377 868 δεομένῳ.
2419 813 2547 855 verba

142 881 269 934 igitur
297 894 329 922 c.
359 883 420 930 14,
450 882 614 921 21—27
646 881 782 932 ipsius
814 880 1019 921 Plutarchi
1053 885 1163 922 sunt.

346 948 532 989 Maxime
560 958 662 987 vero
694 947 842 987 mirum
874 949 950 996 est,
981 948 1102 999 quod
1130 948 1389 990 Ahrendtius
1421 952 1459 990 et
1489 952 1576 990 tota
1606 949 1737 1001 capita
1771 950 1831 998 15,
1865 949 1914 988 16
1943 949 1998 997 (et
2029 960 2061 988 c.
2092 949 2151 997 17,
2180 949 2328 997 1-15)
2358 949 2399 988 et
2423 958 2456 988 c.
2486 947 2545 988 19.

143 1018 300 1067 partem
332 1015 386 1065 (v.
410 1016 590 1062 24—31)
620 1013 672 1054 ad
704 1014 828 1054 vitam
860 1014 968 1054 illam
1001 1014 1265 1056 Archimedis
1298 1016 1428 1057 refert.
1488 1016 1552 1057 his
1584 1028 1683 1057 vero
1714 1016 1818 1057 locis
1858 1027 1905 1071 ea
1943 1014 2086 1056 omnia
2115 1014 2394 1065 continentur,
2436 1024 2548 1066 quae

143 1081 392 1135 Syracusani
432 1081 485 1123 ad
518 1080 663 1122 urbem
695 1079 1006 1121 defendendam
1038 1080 1352 1131 instituerunt.¹)
1412 1082 1488 1123 sed
1530 1082 1753 1124 historicus
1792 1082 1856 1123 ille
1885 1084 2042 1131 auctor,
2072 1078 2170 1134 'quo
2209 1092 2317 1122 usus
2356 1083 2420 1122 est
2451 1080 2546 1120 Plu-

142 1148 323 1198 tarchus,
354 1148 553 1201 quisquis
582 1147 670 1197 fuit,
709 1159 797 1188 non
830 1147 970 1188 solum
1003 1149 1371 1201 oppugnationem
1413 1149 1528 1190 urbis
1559 1149 1791 1201 descripsit,
1829 1160 1972 1189 verum
2003 1148 2125 1189 etiam
2156 1147 2465 1197 defensionem,
2503 1146 2545 1188 id

142 1215 262 1268 quod
296 1215 518 1268 Polybium
550 1218 589 1255 et
622 1214 779 1254 Livium
810 1214 966 1255 fecisse
995 1215 1203 1257 videmus.
1263 1227 1403 1267 neque
1434 1216 1543 1256 idem
1575 1216 1871 1265 animadvertit,
1910 1217 2015 1267 quot
2054 1214 2205 1256 horum
2237 1215 2420 1267 capitum
2453 1213 2546 1264 loci,

142 1293 193 1321 ex
226 1284 341 1333 parte
370 1281 423 1321 ad
455 1281 642 1329 verbum,
684 1292 780 1320 cum
814 1279 991 1332 Polybio
1028 1282 1309 1331 consentiant,
1350 1282 1462 1322 velut
1500 1282 1627 1322 verba
1657 1282 1782 1334 ὀρθὰς
1811 1283 1872 1321 ἐπὶ
1902 1283 2077 1335 πρύμναν
2107 1293 2141 1322 c.
2171 1283 2230 1330 15,
2264 1281 2408 1333 11l12;
2449 1283 2546 1332 πρὸς

140 1355 218 1387 πᾶν
248 1349 445 1400 διάστημα
469 1360 506 1387 v.
531 1348 603 1395 34;
628 1346 677 1387 cf.
704 1346 962 1395 sambucam,
987 1358 1098 1398 quae
1122 1359 1219 1388 cum
1245 1348 1391 1388 eadem
1419 1347 1565 1400 Polybi
1592 1347 1783 1389 machina
1807 1346 2062 1388 conferenda
2087 1350 2161 1388 est.
2208 1358 2260 1387 an
2287 1346 2545 1387 Ahrendtius

141 1418 223 1454 tam
254 1414 418 1465 amplas
450 1417 588 1464 partes
620 1425 671 1452 ex
702 1413 844 1453 vitae
874 1413 942 1453 illo
984 1414 1189 1464 scriptore
1219 1413 1485 1455 Plutarchum
1530 1414 1772 1466 sumpsisse
1813 1417 2032 1466 propterea
2061 1413 2290 1464 contendit,
2330 1412 2450 1466 quod
2492 1412 2543 1452 illi

141 1481 233 1531 loci,
251 1479 411 1533 quibus
426 1478 690 1521 Plutarchum
717 1490 813 1520 cum
830 1478 1008 1532 Polybio
1034 1480 1275 1521 consentire
1301 1491 1429 1532 supra
1454 1479 1552 1529 dixi,
1578 1482 1814 1532 repugnant
1839 1480 1929 1520 eius
1956 1479 2185 1521 sententiae
2210 1479 2545 1528 historicum,

140 1558 268 1600 quem
300 1548 476 1587 secutus
509 1546 561 1586 sit
586 1544 843 1594 Plutarchus,
872 1548 1087 1586 auctorem
1115 1546 1268 1598 jubam
1299 1546 1498 1595 fuisse?²)
1557 1547 1632 1587 sed
1664 1558 1718 1586 ne
1748 1547 1800 1586 ita
1831 1547 2014 1598 quidem,
2044 1546 2163 1598 quod
2196 1546 2274 1586 sibi
2307 1546 2545 1597 proposuit,

140 1616 402 1654 consecutus
428 1616 504 1653 est.
552 1625 646 1652 nam
673 1625 706 1652 c.
736 1614 796 1660 14,
830 1614 879 1652 15
910 1612 1007 1652 dicit
1033 1612 1280 1654 Plutarchus
1311 1612 1551 1665 (προσβολὰς
1584 1614 1750 1652 ἐποιεῖτο
1781 1645 1941 1653 .....
1946 1613 1961 1664 )
1991 1611 2202 1652 Ἀππίου
2231 1614 2299 1665 μὲν
2328 1615 2394 1653 τὸν
2423 1612 2544 1661 πεζὸν

140 1682 355 1733 ἐπάγοντος
385 1682 565 1731 στρατὸν,
597 1681 711 1726 αὐτὸς
742 1679 783 1718 δὲ
813 1678 1016 1731 πεντήρεις
1047 1680 1150 1731 ἔχων
1176 1678 1370 1731 ἑξήκοντα
1394 1680 1655 1720 παντοδαπῶν
1681 1679 1811 1719 ὅπλων
1836 1681 1901 1719 καὶ
1926 1679 2050 1731 βελῶν
2074 1679 2306 1731 πλήρεις,
2331 1689 2421 1731 quo
2446 1678 2543 1719 loco

140 1758 236 1788 eum
268 1757 364 1788 cum
397 1744 577 1799 Polybio
607 1745 856 1795 consentire,
892 1744 1115 1786 dissentire
1144 1757 1168 1786 a
1200 1746 1315 1786 Livio
1347 1746 1426 1786 iam
1459 1757 1587 1798 supra
1617 1748 1670 1798 (p.
1697 1745 1836 1795 XVlll)
1866 1745 1961 1785 dixi.
2014 1745 2208 1785 videmus
2240 1746 2363 1797 igitur
2394 1745 2542 1796 paucis

140 1814 216 1854 illis
248 1813 364 1863 locis,
395 1824 510 1864 quos
541 1812 593 1852 ad
626 1812 948 1852 historicum
980 1816 1195 1853 auctorem
1228 1812 1487 1853 Ahrendtius
1520 1812 1639 1853 refert
1678 1824 1949 1864 quorumque
1986 1814 2280 1864 argumentum
2311 1824 2334 1852 a
2366 1811 2543 1864 Polybio

140 1892 318 1933 quoque
346 1880 542 1920 traditum
574 1882 649 1927 est,
680 1891 784 1919 uno
816 1878 913 1919 loco
946 1878 1212 1919 Plutarchum
1256 1882 1295 1919 et
1327 1878 1548 1932 Polybium
1581 1889 1820 1919 consonare
1855 1881 1999 1919 contra
2031 1878 2200 1919 Livium.
2259 1878 2458 1930 sequitur,
2499 1880 2544 1918 ut

135 1946 254 2000 Juba,
296 1957 423 1999 quem
467 1945 507 1986 in
539 1944 833 1998 archaeologia
863 1945 1173 1986 conscribenda
1206 1946 1363 1986 Livium
1408 1945 1677 1997 excerpsisse
1707 1943 1963 1985 Ahrendtius
2004 1944 2167 1997 putat,³)
2208 1945 2272 1985 ille
2315 1944 2542 1985 historicus

140 2012 344 2055 Plutarchi
376 2015 523 2054 auctor
553 2011 687 2053 fuisse
718 2024 803 2053 non
837 2013 994 2064 possit!

342 2090 549 2143 Equidem
583 2089 763 2130 tabulam
797 2090 857 2130 sic
888 2090 1234 2142 componendam
1267 2103 1365 2131 esse
1396 2101 1574 2130 censeo:

407 2181 439 2209 c.
475 2168 536 2217 13,
572 2169 695 2206 lh—7:
746 2179 768 2207 e
799 2167 977 2220 Polybio

571 2235 706 2274 7›132
737 2237 855 2274 extr.:
903 2247 955 2275 ex
981 2235 1230 2275 collectione
1255 2233 1438 2286 quadam
1466 2232 1757 2285 exemplorum
1785 2232 2126 2283 memorabilium,
2151 2246 2186 2274 v.
2213 2244 2339 2286 supra
2364 2245 2402 2286 p.
2423 2233 2541 2274 XVll.

407 2313 438 2342 c.
475 2302 536 2350 14,
571 2301 724 2341 1—20:
776 2312 798 2341 e
829 2300 1008 2353 Polybio

541 2367 726 2406 21--27z
786 2366 1032 2407 Plutarchus
1064 2367 1156 2418 ipse
1186 2367 1344 2407 adiecit.

540 2435 707 2474 27—60
737 2438 854 2474 extr.:
913 2446 965 2474 ex
997 2434 1079 2475 vita
1110 2433 1372 2474 Archimedis
1404 2434 1605 2485 (extrema
1636 2432 1840 2473 sententia
1870 2431 2003 2484 ipsius
2035 2431 2238 2474 Plutarchi
2270 2436 2359 2483 est).

407 2514 440 2542 c.
475 2503 536 2550 15,
570 2502 715 2550 1-17,
745 2502 789 2541 6:
841 2513 863 2541 e
894 2500 1073 2554 Polybio

408 2580 440 2608 c.
475 2569 536 2616 17,
565 2568 723 2608 6—15:
782 2566 1028 2608 Plutarchus
1061 2567 1154 2619 ipse
1184 2567 1440 2619 composuit.

546 2634 726 2674 15—16:
775 2646 796 2673 e
827 2633 1006 2686 Polybio

546 2700 707 2738 16-—47
738 2703 856 2739 extr.:
916 2712 967 2739 ex
1000 2701 1081 2739 vita
1112 2700 1386 2739 Archimedis.

406 2779 439 2807 c.
476 2766 536 2814 18,
572 2767 695 2805 1-—2:
756 2765 958 2807 Plutarchi
991 2766 1126 2818 ipsius
1159 2769 1267 2806 sunt.

540 2832 658 2873 3—-c.
695 2832 755 2880 19,
785 2833 857 2872 24:
916 2843 939 2873 e
971 2831 1160 2885 Polybio.

405 2914 438 2942 c.
474 2902 535 2949 19,
566 2901 732 2940 24-—42
763 2903 882 2942 extr.:
942 2911 994 2938 ex
1025 2899 1107 2938 vita
1140 2898 1401 2937 Archimedis
1433 2897 1491 2948 (Ρ).

343 3003 366 3044 ¹)
392 3000 537 3035 Auctori
563 3000 669 3042 igitur
693 2998 860 3032 historico
885 3000 1025 3042 praeter
1048 3000 1214 3040 quattuor
1238 2997 1324 3029 initii
1349 3006 1472 3029 versus
1507 2997 1550 3038 (c.
1580 2997 1629 3037 14,
1658 2996 1800 3039 14—17)
1833 2996 1866 3029 in
1894 2997 2009 3030 media
2034 2997 2314 3040 oppugnationis
2339 2998 2540 3032 narratione

136 3057 291 3092 attribuit
309 3057 386 3090 sola
405 3057 513 3090 verba
532 3060 702 3098 ἀπέσχετο
721 3059 834 3097 μάχης
854 3058 988 3097 ἁπάσης
1007 3058 1064 3086 καὶ
1083 3055 1270 3095 προσβολῆς
1296 3056 1333 3085 τὸ
1358 3055 1474 3085 λοιπὸν
1499 3055 1551 3085 ἐπὶ
1571 3057 1616 3094 τῷ
1635 3055 1744 3094 χρόνῳ
1769 3055 1828 3093 τὴν
1853 3055 2048 3095 πολιορκίαν
2073 3056 2216 3095 θέμενος
2236 3053 2279 3097 (c.
2301 3054 2352 3096 17,
2374 3053 2539 3097 15-16)!

338 3112 365 3156 2)
390 3111 509 3153 Quam
535 3111 570 3145 in
595 3110 839 3155 suspicionem
867 3109 966 3143 facile
992 3108 1097 3149 venit,
1123 3108 1182 3152 qui
1202 3107 1414 3149 considerat,
1439 3107 1625 3150 quomodo
1650 3107 1683 3139 in
1709 3117 1736 3140 c.
1765 3108 1815 3148 14,
1843 3108 1882 3140 17
1905 3108 2180 3152 descriptionem
2206 3108 2410 3142 continuam
2436 3109 2539 3143 inter-

136 3170 285 3212 rumpat,
310 3167 470 3211 quidque
495 3178 527 3210 p.
553 3167 607 3206 77,
632 3168 653 3200 3
678 3166 782 3199 dicat.

338 3225 364 3263 ³)
388 3222 583 3258 Soltavium
609 3224 764 3256 secutus.
