2789 3532
1377 93 1489 185 μ’

211 256 339 299 verba
368 256 476 308 facit,
507 258 710 310 quoniam
743 255 952 303 Briareum
984 257 1269 300 centimanum
1300 257 1481 301 adhibet.
1512 258 1553 301 id
1584 270 1685 301 vero
1716 258 1982 302 Plutarchum
2012 259 2167 313 ipsum,
2201 259 2273 314 qui
2303 258 2424 314 quod
2455 271 2624 314 semper

211 327 374 366 veteres
407 324 634 377 scriptores
666 323 902 377 captabant,
932 324 1166 378 elegantem
1198 337 1251 367 ex
1276 325 1431 368 fabulis
1456 327 1815 380 comparationem
1841 325 2119 380 excogitabat,
2147 326 2355 369 adiecisse
2384 325 2620 381 putandum

211 395 288 441 est,
313 391 554 444 praesertim
581 403 678 431 cum
700 391 911 432 Briareum
932 392 1106 444 saepius
1126 397 1433 435 commemoret
1457 395 1592 443 (amic.
1612 395 1725 435 mult.
1748 396 1790 444 l;
1813 395 1859 443 6;
1883 392 1965 434 def.
1983 393 2137 435 oracul.
2160 394 2230 443 18;
2254 395 2415 448 tanqu.
2428 406 2494 436 an.
2511 395 2588 445 10).
2598 396 2622 445 ¹)

213 458 354 500 Livius
384 460 537 507 autem,
568 459 612 498 ut
644 457 722 498 iam
756 468 884 509 supra
914 457 1216 510 demonstravi,
1247 459 1347 501 illud
1380 460 1561 502 Marcelli
1591 459 1724 502 tacete
1753 460 1923 509 dictum,
1964 470 2222 512 quamquam
2252 459 2368 512 apud
2400 459 2621 515 Polybium

211 524 461 575 inveniebat,
492 525 531 565 in
565 536 692 566 usum
726 536 852 565 suum
886 536 974 566 non
1007 526 1137 575 vertit,
1167 527 1266 579 quia
1296 527 1416 568 etiam
1450 527 1677 569 sambucas
1708 526 1915 567 omiserat.

413 591 537 639 Quae
567 591 693 631 verba
725 594 927 632 secuntur
955 595 1004 640 (c.
1036 594 1096 641 17,
1122 595 1288 644 6-15),
1319 606 1367 636 ea
1392 594 1638 635 Plutarchus
1665 594 1756 646 ipse
1780 593 2013 634 exornandi
2044 604 2173 634 causa
2201 593 2360 644 adiecit,
2390 593 2431 635 in
2462 593 2621 647 quibus

211 659 276 700 illa
315 660 423 712 ψυχὴ
464 659 532 712 μία
570 671 606 698 ν.
640 656 687 712 ⁸s„
730 669 782 698 ex
824 656 909 699 Pol.
935 670 968 699 c.
1000 660 1037 708 5,
1067 660 1113 708 3;
1151 661 1189 709 9,
1221 661 1245 700 7
1282 660 1532 712 deprompta
1571 662 1645 709 est,
1683 670 1810 711 quam
1852 658 1992 701 Livius
2032 670 2210 712 quoque
2247 671 2281 701 c„
2309 661 2375 710 34,
2409 662 2424 701 l
2468 662 2620 712 („unus

210 726 384 776 homo“)
416 724 559 766 reddit.
592 724 744 766 eodem
787 725 920 766 modo
960 738 996 766 v.
1027 728 1075 767 15
1103 739 1135 767 s.
1166 727 1293 768 verba
1333 728 1527 779 ἀπέσχετο
1566 728 1697 780 μάχης
1737 727 1894 779 ἁπάσης
1931 729 1999 766 καὶ
2037 727 2262 780 προσβολῆς
2298 729 2343 767 τὸ
2384 727 2520 768 λοιπὸν
2558 729 2621 768 ἐπὶ

208 800 264 846 τῷ
306 794 438 845 χρόνῳ
480 793 551 844 τὴν
593 792 825 844 πολιορκίαν
868 792 1035 845 θέμενος
1077 797 1321 835 consonant
1362 805 1457 835 cum
1501 792 1587 834 ΡοΙ.
1617 805 1649 834 c.
1680 794 1718 842 9,
1747 793 1774 833 6
1811 799 1888 833 τῶν
1929 794 1998 846 μὲν
2041 794 2172 834 ἄλλων
2214 795 2555 848 στρατηγημάτων
2593 796 2619 847 ἣ

208 861 471 914 τολμημάτων
498 860 654 906 οὐδενὸς
686 859 926 911 ἀπέστησαν,
952 867 1021 899 τοῦ
1047 861 1089 899 δὲ
1114 862 1339 913 πολιορκεῖν
1365 862 1549 900 οὐδέποτε
1573 867 1710 911 πεῖραν
1735 862 1791 899 ἔτι
1816 860 1949 912 λαβεῖν
1973 861 2217 913 ἐθάρρησαν,
2243 860 2293 902 cf.
2321 861 2402 903 Liv.
2426 873 2460 902 c.
2484 862 2549 910 34,
2572 863 2621 902 16

209 927 437 977 „absistere
467 926 793 977 oppugnatione
822 933 950 978 atque
981 926 1228 968 obsidendo
1260 931 1452 968 tantum“.

411 992 512 1033 Plut.
545 994 604 1042 18,
639 993 745 1033 1-8
776 1005 824 1034 ea
855 1005 966 1045 quae
999 993 1081 1035 Liv.
1112 1007 1145 1035 c.
1170 996 1336 1036 35439
1367 996 1509 1043 narrat,
1548 993 1588 1034 in
1629 1004 1762 1045 pauca
1801 992 1927 1035 verba
1966 994 2183 1038 contraxit.
2222 994 2263 1036 id
2303 1006 2403 1037 vero
2443 994 2618 1048 dignum

208 1064 273 1102 est
315 1059 435 1112 quod
478 1062 704 1101 annotetur
746 1071 970 1100 numerum
1016 1060 1327 1102 interfectorum
1359 1062 1498 1113 (8000)
1531 1060 1800 1112 Hippocratis
1838 1060 2011 1101 militum
2054 1061 2169 1113 apud
2212 1073 2307 1103 eum
2352 1062 2451 1114 legi;
2492 1073 2618 1114 quem

211 1127 350 1167 Livius
381 1138 479 1167 cum
513 1138 599 1167 non
633 1130 952 1173 commemoret,
993 1127 1120 1168 huius
1161 1129 1239 1168 loci
1279 1131 1424 1168 auctor
1459 1139 1555 1167 esse
1586 1127 1750 1178 nequit;
1790 1127 2010 1179 Polybium
2052 1127 2135 1168 hoc
2174 1140 2350 1180 quoque
2381 1129 2481 1170 loco
2522 1140 2618 1169 eum

207 1193 343 1234 fuisse
373 1192 493 1234 facile
523 1192 874 1244 comprobatur.²)

412 1259 514 1301 Plut.
540 1272 573 1301 c.
604 1260 664 1309 18,
693 1260 832 1300 9—27
874 1259 1001 1300 verba
1041 1272 1138 1300 cum
1182 1261 1262 1300 Liv.
1293 1273 1325 1301 c.
1357 1261 1419 1309 23,
1449 1261 1597 1309 8—24,
1627 1261 1664 1309 6,
1706 1271 1833 1311 quem
1878 1259 2098 1313 Polybium
2143 1261 2263 1312 sequi
2308 1261 2479 1310 scimus,
2519 1272 2619 1301 con-

207 1330 376 1379 gruunt.
408 1339 456 1367 ac
489 1326 754 1367 Plutarchum
787 1339 966 1379 quoque
998 1327 1176 1380 Polybio
1208 1340 1333 1368 usum
1366 1340 1462 1368 esse
1492 1327 1806 1368 demonstretur
1837 1327 1902 1368 his
1933 1327 2072 1368 verbis
2102 1326 2391 1369 conferendis:

738 1393 840 1435 Plut.
873 1407 910 1437 v.
945 1395 1005 1435 17.
1776 1393 1862 1436 Pol.
1888 1394 1971 1436 vlll
2003 1395 2069 1444 37,
2099 1395 2135 1435 2.

468 1462 609 1514 ἑορτὴν
642 1460 841 1514 Ἀρτέμιδι
872 1463 961 1508 τοὺς
992 1460 1258 1513 Συρακοσίους
1552 1461 1859 1513 ἐπιτηρήσαντες
1890 1462 1925 1501 οἱ
1949 1460 2136 1515 Ῥωμαῖοι
2166 1464 2304 1514 καιρὸν
2329 1494 2338 1502 .
2363 1494 2370 1501 .
2395 1494 2402 1501 .
2428 1494 2435 1500 .

468 1531 637 1581 ἄγοντας
663 1561 670 1568 .
697 1560 703 1568 .
730 1560 737 1567 .
764 1561 771 1568 .
802 1528 1088 1579 παραφυλάξας
1551 1560 1557 1567 .
1584 1560 1591 1566 .
1617 1561 1625 1568 .
1653 1559 1659 1565 .
1688 1531 1745 1567 ὅτι
1776 1530 1918 1568 θυσίαν
1949 1531 2088 1581 ἄγουσι
2120 1560 2127 1567 .
2152 1561 2160 1569 .
2186 1561 2193 1568 .
2220 1530 2255 1567 οἱ
2285 1532 2388 1568 κατὰ

1548 1596 1620 1634 riv
1650 1595 1763 1635 πόλιν
1794 1627 1802 1635 .
1828 1627 1834 1634 .
1861 1629 1870 1637 .
1894 1628 1901 1634 .
1928 1594 1975 1633 Ἀ
2004 1595 2044 1634 τὲ
2077 1596 2137 1634 ιδι.

412 1661 490 1701 l·lis
522 1661 719 1701 versibus
751 1662 919 1709 ‹oe-27)
959 1661 1162 1701 omnibus
1202 1661 1341 1701 omnia
1380 1673 1474 1701 cum
1508 1630 1743 1702 narratione
1774 1610 2139 1714 Polybio-[iviana
2168 1661 2429 1702 conveniunt
2460 1664 2620 1713 praeter

208 1728 316 1768 duas
349 1740 427 1777 res,
458 1739 569 1779 quas
602 1727 714 1767 haud
746 1726 914 1768 difficile
945 1730 1010 1767 est
1042 1727 1303 1778 interpretari.

413 1806 449 1856 l)
482 1804 612 1857 Apud
640 1803 907 1844 Plutarchum
937 1804 1160 1844 Marcellus
1187 1804 1278 1855 ipse
1305 1805 1404 1844 muri
1430 1804 1688 1844 altitudinem
1709 1807 1944 1856 computat:
1970 1805 2009 1844 id
2030 1804 2149 1856 quod
2169 1806 2343 1845 vitarum
2366 1805 2616 1856 scriptorum

207 1872 352 1913 rationi
384 1871 699 1912 attribuendum
733 1875 806 1911 est.

408 1951 449 2001 2)
480 1949 616 1997 Quod
648 1948 789 1990 adhuc
831 1948 1048 1998 omnibus,
1091 1949 1163 2001 qui
1208 1960 1291 1988 rem
1336 1951 1623 1998 tractaverunt,
1677 1947 1907 1989 offensioni
1950 1947 2045 1989 fuit:
2098 1948 2238 1989 turrim
2280 1961 2304 1989 a
2348 1948 2462 1990 Livio
2504 1960 2618 1990 com-

208 2019 479 2058 memoratam
519 2040 572 2043 —
612 2015 862 2068 Galeagram
907 2016 1047 2056 Livius
1088 2027 1177 2055 eam
1218 2017 1395 2067 appellat
1527 2016 1566 2055 in
1609 2016 1706 2067 ipso
1747 2027 1868 2056 muro
1909 2015 2024 2056 urbis
2056 2016 2175 2056 sitam
2207 2015 2342 2057 fuisse
2372 2015 2618 2057 Plutarchus

206 2085 350 2135 dicit.³)
390 2084 537 2124 eadem
579 2083 744 2124 turris
783 2082 898 2135 apud
939 2095 1035 2123 eum
1077 2082 1239 2123 videtur
1278 2083 1406 2134 prima
1444 2085 1564 2135 capta
1595 2094 1704 2132 esse,
1746 2093 2003 2135 quamquam
2037 2094 2103 2124 res
2135 2094 2275 2136 neque
2305 2082 2407 2125 satis
2438 2082 2619 2124 dilucide

206 2154 402 2200 narratur,
433 2150 638 2203 quoniam
672 2161 851 2190 murus
883 2150 918 2190 ei
944 2149 1144 2190 adiacens
1170 2150 1348 2201 ἐπίβατος
1373 2150 1531 2199 dicitur,
1556 2152 1595 2190 et
1620 2150 1798 2190 omnino
1824 2149 2008 2190 absurda
2033 2153 2109 2199 est,
2139 2161 2235 2190 cum
2263 2150 2302 2189 in
2334 2150 2618 2202 oppugnatio-

206 2217 333 2258 nibus
367 2229 454 2258 non
487 2217 609 2257 turris
643 2217 682 2256 in
717 2228 837 2256 muro
871 2216 960 2266 sita,
992 2216 1069 2257 sed
1102 2227 1249 2256 murus
1282 2217 1371 2268 ipse
1401 2216 1571 2257 ascendi
1604 2216 1723 2257 solet.
1756 2228 1797 2256 re
1828 2216 1951 2268 igitur
1975 2216 2116 2257 minus
2142 2216 2346 2257 intellecta
2372 2215 2618 2257 Plutarchus

205 2284 370 2326 videtur
400 2284 540 2325 turrim
573 2286 613 2323 et
645 2280 810 2323 murum
844 2283 948 2323 inter
979 2294 1027 2323 se
1058 2283 1398 2322 commutavisse.
1437 2282 1586 2323 adiecit
1617 2282 1727 2322 idem
1758 2282 1810 2322 ad
1854 2284 2004 2335 πύργον
2042 2284 2127 2321 τινά
2165 2282 2292 2323 verba
2330 2283 2618 2335 φυλαττόμενον

206 2353 274 2404 μὲν
307 2352 474 2404 ἀμελῶς,
507 2351 650 2402 ἄνδρας
682 2351 723 2388 δὲ
755 2351 969 2403 δυνάμενον
1001 2349 1192 2396 δέξασθαι
1223 2351 1351 2400 κρύφα
1387 2350 1437 2400 (ν.
1467 2350 1656 2400 12—14),
1696 2361 1806 2401 quae
1845 2352 1883 2389 et
1924 2349 2025 2390 satis
2064 2348 2246 2390 absurda
2288 2351 2387 2390 sunt
2426 2361 2567 2402 neque
2595 2361 2619 2389 a

206 2418 384 2470 Polybio
416 2417 525 2458 dicta
555 2417 691 2458 fuisse
722 2417 955 2469 possunt&
988 2441 1039 2443 ⁷—
1071 2415 1190 2468 quod
1224 2414 1467 2457 Plutarchus
1494 2416 1635 2457 turrim
1663 2416 1702 2456 in
1729 2416 1825 2468 ipso
1859 2427 1992 2465 muro,
2025 2415 2226 2469 Polybius
2257 2415 2448 2467 (-l.ivius)
2477 2417 2616 2457 autem

206 2485 345 2537 spatio
393 2483 582 2536 quodam
633 2483 875 2525 intermisso
924 2483 977 2524 ad
1027 2485 1197 2536 portum
1248 2482 1510 2535 Trogilorum
1561 2483 1681 2524 sitam
1731 2494 1828 2523 esse
1876 2482 1985 2532 dicit,
2033 2482 2107 2532 ille,
2156 2483 2255 2535 quia
2298 2482 2425 2523 huius
2468 2485 2617 2535 portus

206 2552 332 2593 situm
366 2550 596 2604 ignorabat,
627 2550 667 2591 in
701 2562 881 2592 errorem
914 2549 1119 2602 delapsus
1152 2552 1226 2590 est.

414 2653 436 2694 ¹)
462 2661 579 2693 neque
618 2652 685 2684 hoc
723 2660 839 2693 neque
877 2650 986 2684 ullum
1024 2650 1118 2683 aliud
1158 2650 1313 2683 Marcelli
1351 2655 1556 2693 ἀπόφθεγμα
1593 2651 1626 2683 in
1663 2650 1872 2683 collectione
1912 2649 2118 2682 Plutarchea
2154 2649 2385 2692 apophtegm.
2424 2659 2547 2692 regum
2584 2651 2619 2682 et

205 2708 461 2751 imperatorum
488 2706 672 2740 invenitur.

407 2763 435 2806 2)
461 2772 532 2806 qua
570 2772 605 2796 re
643 2762 733 2805 Aug.
760 2761 897 2804 Miiller,
937 2761 991 2796 De
1028 2761 1232 2795 auctoribus
1270 2771 1382 2795 rerum
1420 2772 1439 2796 a
1477 2763 1525 2795 M.
1551 2761 1705 2796 Claudio
1741 2761 1912 2795 Marcello
1938 2788 1945 2795 .
1972 2788 1978 2795 .
2004 2763 2106 2805 gest.,
2131 2761 2216 2795 diss.
2245 2760 2346 2794 l-lalis
2374 2761 2470 2803 1882,
2506 2771 2538 2804 p.
2563 2761 2618 2801 36.

204 2829 423 2862 quamquam
449 2819 604 2862 capitum
635 2819 765 2852 14-19
790 2818 938 2860 plurima
970 2829 989 2852 a
1018 2817 1167 2860 Polybio
1202 2818 1346 2860 repetita
1380 2829 1459 2852 esse
1494 2819 1633 2860 iudicat,
1669 2817 1893 2851 Plutarchum
1929 2818 1997 2851 hoc
2028 2817 2108 2851 loco
2141 2816 2307 2851 Coelium
2342 2819 2502 2852 secutum
2537 2827 2618 2852 esse

206 2878 314 2919 putet,
340 2875 547 2919 intellegere
573 2884 644 2908 non
672 2883 832 2917 possum.

407 2932 435 2974 ³)
461 2930 502 2964 ci.
530 2930 700 2964 Ahrendt.
727 2940 759 2972 p.
786 2930 841 2971 53,
864 2931 886 2963 9
910 2934 1013 2971 extr.;
1038 2931 1080 2963 67
1107 2940 1133 2962 s.

406 2988 433 3029 ⁴)
459 2996 552 3030 quae
590 2987 619 3020 si
656 2989 749 3019 recte
785 2985 964 3029 disputata
1001 2988 1095 3027 sunt,
1140 2985 1255 3018 Livius
1292 2985 1397 3018 verba
1440 2986 1525 3027 „sed
1562 2996 1641 3020 cum
1678 2985 1764 3019 adiri
1802 2985 1912 3028 locus,
1948 2985 2031 3028 quia
2066 2984 2114 3018 ob
2151 2984 2185 3018 id
2226 2984 2342 3028 ipsum
2386 2983 2618 3019 intentius

205 3043 481 3084 custodiebatur,
507 3053 579 3075 non
606 3043 753 3084 posset“
778 3041 890 3081 <XXV
915 3043 969 3084 23,
998 3044 1052 3085 13)
1080 3042 1157 3085 ipse
1183 3041 1329 3082 addidit,
1363 3042 1494 3084 quippe
1528 3042 1598 3084 qui,
1633 3046 1670 3075 ut
1704 3041 1877 3075 rationem
1903 3040 2027 3075 afferat
2051 3040 2153 3075 alicui
2179 3040 2238 3081 rei,
2276 3050 2384 3084 saepe
2409 3040 2516 3075 verba
2541 3040 2618 3084 ipse

204 3098 382 3141 adiecerit,
419 3098 451 3132 id
489 3097 587 3142 quod
625 3098 694 3131 iam
732 3107 839 3140 supra
875 3097 1118 3141 compluribus
1155 3096 1242 3131 locis
1278 3096 1546 3131 observavimus
1581 3096 1711 3139 (xxiv
1741 3097 1795 3138 34,
1825 3096 1847 3130 6
1883 3096 1988 3140 „quia
2024 3096 2141 3139 spatio
2175 3095 2369 3130 missilibus
2402 3106 2495 3140 opus
2531 3097 2619 3136 est“;

205 3155 227 3198 ἓ
264 3155 286 3192 8
328 3164 468 3197 „eoque
506 3154 620 3197 magis
657 3153 848 3196 crebris¹‘);
890 3163 971 3186 nam
1009 3154 1038 3187 si
1077 3153 1247 3196 Polybius
1284 3152 1368 3185 illud
1404 3152 1563 3193 dixisset,
1599 3154 1656 3186 vix
1693 3153 1979 3186 contrarium
2017 3155 2289 3194 ,,φυλαττόμενον
2325 3156 2384 3194 μὲν
2421 3154 2619 3194 ἀμιλῶς“

204 3211 405 3253 scripsisset
433 3209 652 3242 Plutarchus.
678 3209 720 3243 cf.
747 3219 854 3251 supra
880 3212 966 3251 part.
989 3209 997 3241 Ι
1026 3220 1106 3252 pag.
1127 3208 1207 3242 xlv
1234 3208 1353 3241 adnot.
