2789 3532
1245 87 1368 129 xxm

310 225 432 266 Hanc
459 225 599 265 autem
629 198 812 263 tabulam
843 220 896 262 ita
926 219 1147 272 proposui,
1177 222 1223 261 ut
1245 219 1424 272 intellegi
1449 219 1572 260 velim
1599 219 1779 271 primum
1810 219 1889 259 iam
1912 220 2010 259 ante
2033 217 2297 260 Plutarchum
2322 219 2498 261 vitarum

108 290 322 348 quendam
353 289 600 343 scriptorem
631 287 726 330 illos
755 286 964 330 variorum
993 289 1214 329 auctorum
1245 285 1367 328 locos
1396 285 1685 337 contexuisse,
1714 284 1870 327 deinde
1893 283 2171 336 Plutarchum,
2201 296 2310 339 quae
2330 285 2386 329 ab
2406 285 2499 328 aliis

110 357 308 415 petiverit,
346 368 434 399 non
463 355 550 398 fere
577 354 632 397 ad
661 353 836 396 verbum
867 353 1158 407 descripsisse,
1200 352 1294 394 sed:
1306 353 1404 394 artis
1436 352 1643 394 scribendi
1681 363 1812 393 causa
1840 351 2090 404 saepissime
2118 351 2182 393 vel
2213 355 2501 395 commutasse

109 427 173 468 vel
205 435 440 466 exornasse
468 423 533 464 vel
563 422 604 463 in
636 421 806 463 brevius
836 421 1110 463 contraxisse.

310 512 494 554 Stemma
524 511 648 563 igitur
677 510 755 551 tale
785 510 990 551 delineare
1019 520 1277 562 possumus:

712 597 879 668 Polybius

758 661 776 685 ‘f
801 664 812 702 l
1041 696 1109 729 vita
1128 695 1349 728 Archimedis
1369 695 1474 737 (plut.
1493 705 1521 728 e„
1544 696 1594 737 14,
1618 695 1751 728 27—60
1769 698 1874 733 extr.;
1903 695 1952 734 17,
1975 694 2103 727 167—47

1159 738 1182 802 f·
1305 740 1411 781 extr.;
1436 739 1506 783 (19,
1530 739 1662 773 24—42
1687 739 1790 783 extr.)

558 884 671 946 Lissius
868 887 891 962 l,
1122 901 1139 982 ss

892 967 899 988 N

908 1019 923 1066 ,X
1100 1000 1119 1087 ,ss
1191 1039 1352 1072 collectio
1377 1038 1553 1082 quaedam
1574 1039 1726 1081 exempl.
1753 1048 1857 1072 mem.
1883 1038 1989 1078 (Plut.
2009 1038 2102 1079 c.13,

1097 1094 1098 1098 ¹
1268 1084 1307 1129 λ·
1441 1084 1550 1117 7-32
1576 1086 1676 1123 extr.)

972 1230 1008 1349 l&
1110 1274 1157 1335 s

1020 1416 1201 1507 ‘vitarum
1229 1427 1375 1469 scriptor

1030 1524 1032 1556 1

958 1646 1162 1704 Plutarchus

316 1761 412 1801 Hoc
443 1762 630 1810 stemma,
660 1760 724 1801 cui
757 1759 854 1800 nihil
881 1759 1033 1809 obstat,
1054 1759 1333 1801 -contirmatur
1363 1759 1427 1800 his
1458 1759 1735 1811 argumentis:

451 1837 488 1889 l)
519 1836 763 1878 Plutarchus
795 1839 842 1878 et
874 1837 1013 1878 Livius
1045 1849 1261 1890 nunquam
1295 1836 1471 1890 Polybio
1502 1839 1749 1889 repugnant.

447 1907 488 1954 2)
519 1904 720 1957 Polybius
751 1907 798 1944 et
823 1903 1069 1945 Plutarchus
1102 1915 1230 1956 saepe
1258 1915 1282 1944 a
1308 1903 1422 1944 Livio
1453 1903 1712 1956 discrepant;
1743 1903 1897 1944 desunt
1922 1904 2032 1943 enim
2058 1904 2168 1955 apud
2196 1904 2351 1944 Livium
2379 1902 2496 1944 haec:

579 1971 618 2023 a)
649 1970 814 2023 Appius
845 1970 934 2011 dux
966 1971 1173 2011 exercitus
1204 1970 1417 2021 terrestris,
1445 1983 1482 2011 v.
1509 1982 1636 2022 supra
1666 1983 1703 2022 p.
1735 1970 1861 2020 ΧΧΙΙ;

580 2038 623 2089 b)
656 2037 882 2078 sambucae
923 2038 1163 2090 omniaque,
1212 2049 1321 2090 quae
1362 2040 1508 2079 contra
1556 2049 1627 2078 eas
1677 2037 1784 2078 facta
1826 2040 1936 2087 sunt,
1985 2038 2096 2078 velut
2137 2037 2292 2089 lapides
2334 2037 2497 2078 decem-

646 2103 861 2153 talentarii;
903 2103 1043 2156 itaque
1084 2103 1204 2144 etiam
1244 2103 1343 2144 illud
1373 2103 1506 2145 facete
1535 2103 1690 2144 dictum
1736 2103 1915 2144 Marcelli
1952 2103 2017 2155 (cf.
2049 2103 2244 2144 Ahrendt.
2277 2115 2314 2155 p.
2343 2104 2408 2153 64,
2437 2104 2497 2154 6);

580 2172 618 2220 c)
648 2172 826 2211 conatus
851 2170 1220 2223 appropinquandi
1252 2173 1389 2218 νυκτὸς
1419 2172 1474 2210 ἔτι
1504 2172 1543 2211 et
1573 2181 1868 2223 quaecumque
1897 2170 1950 2211 ad
1981 2172 2182 2211 tormenta
2207 2170 2498 2222 spectant'tela

646 2240 743 2288 πρὸς
767 2240 870 2276 ἅπαν
901 2238 1096 2289 διάστημα
1126 2237 1335 2277 mittentia.
1366 2236 1420 2277 de
1450 2238 1554 2277 muri
1585 2236 1778 2277 fenestris
1809 2250 1845 2277 v.
1878 2249 2006 2289 supra
2036 2249 2072 2289 p.
2102 2237 2202 2276 xlx.

315 2303 486 2344 Accedit
525 2303 644 2355 quod
683 2303 805 2343 alium
845 2302 980 2343 fuisse
1010 2303 1177 2343 navium
1218 2314 1437 2343 numerum
1472 2303 1610 2343 Livius
1642 2303 1749 2352 dicit,
1787 2303 1910 2343 alium
1944 2303 2141 2356 Polybius
2172 2306 2211 2343 et
2241 2302 2498 2359 Plutarchus.

314 2368 438 2418 Quae
462 2381 558 2411 cum
585 2369 638 2411 ita
663 2369 756 2419 sint,
776 2372 934 2410 tantum
954 2368 1085 2419 abest,
1108 2371 1152 2410 ut
1166 2368 1660 2422 Plutarchus—semper
1683 2369 1818 2422 agitur
1842 2369 1895 2410 de
1919 2369 1997 2411 illis
2022 2372 2177 2410 tantum
2203 2380 2321 2421 capp.
2339 2370 2499 2410 13—19

117 2460 168 2465 —
202 2437 316 2478 Livio
347 2437 444 2488 ipso
475 2448 582 2478 usus
614 2436 711 2488 sit,¹)
754 2439 798 2477 ut
828 2436 1094 2477 Plutarchum
1126 2448 1303 2488 prorsus
1336 2449 1423 2478 non
1455 2437 1677 2478 cohaerere
1707 2449 1802 2478 cum
1837 2437 1951 2478 Livio
1981 2436 2212 2478 confirmari
2243 2439 2371 2489 atque
2399 2448 2497 2477 con-

115 2503 228 2544 tendi
260 2504 409 2555 possit.
469 2515 563 2544 nam
596 2502 935 2547 utPlutarchum
976 2505 1168 2544 secutum
1209 2515 1305 2544 esse
1336 2506 1579 2555 putaremus
1610 2506 1821 2544 auctorem
1853 2503 2044 2556 aliquem,
2082 2503 2152 2555 qui
2184 2506 2223 2544 et
2254 2502 2428 2556 Polybio
2459 2506 2498 2543 et

117 2570 232 2611 Livio
263 2581 370 2611 usus
401 2573 527 2620 esset,
566 2570 757 2622 profecto
799 2582 930 2611 unum
973 2569 1144 2622 quidem
1176 2570 1316 2611 locum
1348 2570 1642 2620 inveniremus,
1685 2582 1773 2622 quo
1818 2570 1968 2620 Livius,
2009 2582 2103 2611 cum
2145 2581 2169 2610 a
2198 2569 2373 2622 Polybio
2415 2569 2497 2610 dis-

115 2639 310 2688 creparet,
339 2636 392 2677 ab
423 2637 491 2677 illo
523 2636 804 2689 praeferretur.

312 2702 396 2742 'lam
428 2714 529 2743 vero
560 2702 649 2743 duo
673 2705 868 2743 auctores
893 2702 1253 2752 commendantur,
1278 2714 1391 2755 quos
1418 2702 1662 2743 Plutarchus
1688 2703 1728 2742 in
1756 2714 1881 2743 suum
1909 2714 2033 2744 usum
2060 2702 2314 2751 converterit,
2346 2701 2496 2741 Fabius

115 2767 291 2819 Pictor2)
333 2771 372 2808 et
414 2768 719 2817 Posidonius.³)
778 2780 960 2820 quorum
992 2769 1046 2808 de
1074 2769 1202 2808 altero
1233 2780 1387 2820 operae
1416 2769 1592 2820 pretium
1634 2781 1721 2809 non
1761 2772 1824 2809 est
1854 2770 1979 2809 verba
2008 2769 2192 2817 facere;⁴)
2231 2779 2368 2819 neque
2396 2779 2496 2807 vero

320 2878 341 2920 ¹)
367 2878 449 2917 Qua
473 2879 508 2910 in
533 2888 569 2911 re
594 2878 677 2911 nihil
704 2878 861 2920 interest,
884 2880 1000 2911 utrum
1025 2878 1222 2911 secundum
1253 2878 1405 2920 priorem
1440 2878 1543 2911 huius
1576 2878 1834 2911 dissertationis
1870 2880 2004 2921 partem
2042 2877 2171 2910 Livium
2210 2876 2355 2918 Polybio
2391 2885 2495 2908 usum

115 2942 196 2966 esse
233 2942 277 2966 an
302 2936 489 2976 utrumque
515 2933 669 2967 eundem
694 2935 873 2967 auctorem
899 2934 1059 2967 secutum
1085 2943 1166 2967 esse
1191 2933 1402 2967 existimem.

266 3016 269 3017 γ
315 2988 341 3031 ¹)
367 2988 409 3022 cf.
436 2987 626 3022 Buchholzi
661 2988 961 3032 dissertationem,
993 2999 1086 3033 quae
1121 2988 1336 3023 inscribitur:
1383 2988 1546 3032 „Quibus
1571 2988 1728 3023 fontibus
1755 2988 1957 3022 Plutarchus
1993 2988 2026 3021 in
2062 2987 2138 3021 vitis
2167 2986 2260 3020 Fabii
2286 2986 2433 3020 Maximi
2464 2990 2500 3020 et

115 3043 275 3076 Marcelli
301 3053 388 3077 usus
412 3044 490 3085 sit“,
513 3044 820 3087 Gryphiswaldiae
847 3044 932 3078 1865
956 3044 1099 3078 editam.

316 3098 342 3142 ³)
370 3097 498 3142 Heyer,
525 3098 592 3133 Die
616 3098 745 3139 Quelle
769 3098 834 3133 des
860 3097 1020 3133 Plutarch
1046 3099 1093 3133 im
1120 3098 1238 3133 Leben
1263 3098 1327 3133 des
1352 3099 1552 3141 Marcellus,
1579 3098 1810 3134 Bartensteini
1838 3100 1931 3134 1871.

316 3154 343 3195 ⁴)
369 3153 410 3187 ci.
435 3153 540 3187 etiam
566 3153 736 3186 Ahrendt.
761 3164 794 3196 p.
819 3154 931 3196 68s69.
