2789 3532
1308 138 1529 199 affl&

410 270 513 310 Plut.
545 283 578 310 c.
614 273 674 319 14,
711 272 843 309 1-14
885 282 982 310 cum
1029 270 1110 311 Liv.
1141 271 1272 311 xxiv
1303 284 1335 312 c.
1366 273 1530 312 30—33
1573 271 1844 312 consentiunt
1884 295 1937 298 —
1980 271 2183 323 imprimis
2225 271 2424 324 respicias
2465 272 2615 326 ἡβηδόν

205 351 242 378 ν.
274 338 300 378 8
332 340 372 378 et
402 337 661 389 „puberum“
692 349 724 377 c.
755 337 820 385 30,
850 337 876 376 4
909 352 980 386 *;
1030 336 1128 378 nihil
1178 338 1302 391 igitur
1343 337 1495 388 obstat,
1542 350 1594 379 ne
1636 335 1837 390 Polybius
1879 339 2094 379 auctorem
2134 336 2272 380 fuisse
2313 337 2613 395 existimemus.

206 404 372 456 legatos
402 407 541 445 autem
573 415 596 444 a
627 403 828 444 Marcello
872 403 1034 444 missos
1077 404 1117 444 in
1162 404 1308 446 urbem
1353 406 1487 457 ipsam
1531 404 1754 457 pervenire,
1795 415 1892 445 cum
1933 404 2048 456 apud
2094 404 2252 445 Livium
2294 409 2410 446 extra
2451 407 2612 458 portam

205 470 468 518 retineantur,
500 468 705 510 Plutarchi
738 469 887 509 levitati
919 468 1191 510 tribuendum
1224 475 1300 521 est,
1331 483 1471 524 neque
1500 483 1600 511 vero
1631 482 1683 510 eo
1714 469 1890 510 efficitur
1920 470 2141 522 Polybium
2181 470 2332 511 eodem
2364 472 2499 512 modo
2529 483 2613 511 rem

205 537 452 586 narravisse,
482 548 571 588 quo
603 535 882 585 Plutarchum,
915 535 1164 588 Liviumque
1196 537 1279 578 hoc
1310 538 1407 579 loco
1439 537 1657 591 Polybium
1690 535 1929 577 mutavisse.
1942 538 1965 586 ¹)

408 604 509 643 Plut.
540 615 573 643 c.
610 605 657 642 14
689 616 725 643 v.
755 603 917 642 14-20
956 602 1005 643 cf.
1037 616 1134 644 cum
1175 604 1320 657 Polyb.
1346 605 1429 646 Vlll
1462 606 1581 653 5-6,
1611 606 1646 644 2.
1707 602 1971 644 Plutarchum
2004 616 2040 644 v.
2078 605 2126 644 15
2164 615 2187 644 a
2229 603 2343 645 Livio
2382 602 2615 654 dissentire,

203 682 300 711 cum
335 669 511 722 Polybio
543 668 785 709 consentire
815 668 1023 709 videmus.
1062 681 1157 710 nam
1196 682 1306 723 quae
1336 670 1462 711 verba
1493 669 1737 711 Plutarchus
1774 669 1871 709 dicit
1903 669 2073 709 Ἀππίου
2104 672 2172 722 μὲν
2201 673 2268 710 τὸν
2298 671 2417 719 πεζὸν
2447 671 2615 723 ἐπάγον-

204 751 270 783 τος
313 738 493 788 στρατὸν,
537 738 652 781 αὐτὸς
694 736 736 773 δὲ
778 734 1049 787 (Μάρκελλος)
1091 737 1296 788 πεντήρεις
1338 740 1441 789 ἔχων
1484 738 1675 789 ἑξήκοντα
1719 767 1726 774 .
1768 767 1776 774 .
1819 766 1826 774 .
1869 766 1876 774 .
1936 737 2111 788 πλήρεις,
2155 748 2289 788 paene
2330 736 2475 777 eadem
2518 736 2615 777 dicit

204 803 408 856 Polybius
441 802 523 842 Vlll
557 804 593 850 5,
623 802 668 850 63
711 801 850 842 Livius
890 803 1030 842 autem
1072 805 1158 843 tota
1199 804 1239 843 in
1272 790 1596 856 oppugnatione
1634 801 1911 843 describenda
1949 813 2090 855 neque
2121 801 2305 855 Appium
2346 813 2485 856 neque
2523 802 2614 844 eius

203 870 423 922 imperium
457 869 665 910 exercitus
697 868 900 909 terrestris
932 873 1250 911 commemorat.
1282 871 1482 923 sequitur,
1513 873 1557 911 ut
1589 868 1833 910 Plutarchus
1863 869 1992 910 artius
2023 881 2119 910 cum
2152 869 2328 923 Polybio
2358 870 2614 911 coniunctus

203 949 302 978 esse
351 935 449 976 mihi
499 935 687 976 videatur
735 947 861 987 quam
914 947 1010 976 curn
1067 936 1193 977 Livio.
1244 938 1416 986 accedit,
1467 938 1584 990 quod
1635 936 1760 976 verba
1801 949 1837 976 v.
1872 937 2033 976 14-17
2075 948 2172 977 cum
2217 936 2394 990 Polybio
2437 948 2613 988 prorsus

203 1004 488 1051 consentiunt,
536 1003 737 1054 imprimis
778 1015 814 1041 v.
853 1002 967 1053 apud
1018 1006 1247 1054 utrumque
1286 1004 1541 1044 vocabulum
1581 1004 1752 1055 πλήρεις,
1792 1014 1887 1043 cum
1927 1003 2042 1054 apud
2087 1003 2245 1044 Livium
2287 1014 2426 1056 neque
2462 1015 2612 1045 vocem

203 1071 402 1123 „plenus“
434 1081 575 1121 neque
604 1068 722 1109 aliam
756 1068 1033 1117 inveniamus,
1064 1080 1176 1121 quae
1206 1070 1384 1111 eandem
1417 1071 1498 1111 vim
1532 1069 1665 1111 habet.

404 1136 556 1177 Verbis
582 1147 691 1188 quae
717 1138 919 1176 secuntur
944 1135 1191 1176 sambucam
1220 1137 1259 1175 in
1287 1140 1387 1177 octo
1414 1137 1592 1177 navibus
1619 1137 1720 1176 inter
1746 1147 1792 1176 se
1816 1136 1968 1176 iunctis
1989 1136 2216 1176 institutam
2243 1148 2341 1177 esse
2367 1136 2612 1177 Plutarchus

203 1206 357 1253 narrat;
388 1205 535 1244 contra
565 1202 679 1255 apud
713 1202 932 1255 Polybium
966 1202 1033 1253 (cf.
1062 1202 1240 1254 Livium)
1280 1207 1380 1244 octo
1421 1204 1586 1244 navium
1627 1203 1747 1243 binae
1785 1202 2004 1255 colligatae
2034 1204 2179 1253 sunt.²)
2219 1202 2302 1244 hoc
2339 1206 2478 1244 autem
2510 1203 2611 1255 quin

202 1271 355 1311 rectius
388 1271 440 1310 sit
471 1282 599 1321 quam
633 1270 731 1309 illud
765 1281 892 1310 nemo
924 1269 1143 1310 dubitabit.
1185 1271 1261 1311 sed
1303 1271 1421 1322 quod
1454 1273 1629 1322 uterque
1667 1270 1846 1311 eundem
1887 1272 1987 1311 octo
2028 1269 2195 1310 navium
2238 1282 2457 1311 numerum
2498 1282 2612 1311 com-

202 1340 419 1386 memorat,
451 1336 549 1377 inde
579 1336 714 1377 conici
747 1338 890 1387 potest
921 1335 1063 1376 locum
1098 1336 1210 1376 illum
1243 1348 1267 1376 a
1299 1336 1477 1389 Polybio
1508 1337 1711 1389 originem
1753 1335 1905 1376 habere
1943 1336 2124 1388 eiusque
2161 1336 2288 1376 verba
2327 1337 2379 1376 ita
2418 1339 2612 1387 corrupta

202 1416 311 1453 esse,
343 1407 387 1444 ut
418 1404 481 1444 vel
516 1402 761 1444 Plutarchus
792 1403 856 1443 vel
888 1403 936 1452 is,
967 1415 1095 1455 quem
1129 1406 1304 1444 secutus
1336 1407 1412 1452 est,
1441 1403 1694 1444 vocabulum
1727 1404 1865 1443 σύνδυο
1896 1403 2146 1455 neglegeret.

405 1470 508 1511 Plut.
540 1472 587 1510 14
613 1484 648 1510 ν.
674 1472 727 1510 20
752 1469 880 1510 verba
910 1471 957 1521 ῆς
988 1473 1067 1521 ἄρα
1097 1471 1217 1522 λόγος
1249 1472 1373 1517 οὐδεὶς
1404 1471 1452 1521 ήν
1485 1470 1715 1522 Ἀρχιμήδει
1741 1470 1980 1521 dependere
2003 1472 2174 1521 apparet
2198 1481 2221 1510 a
2247 1469 2389 1522 Polyb.
2416 1470 2498 1510 Vlll
2526 1472 2562 1519 5,
2587 1471 2611 1510 3

202 1540 248 1577 οὐ
279 1538 530 1590 λογισάμενοι
561 1538 631 1588 τὴν
663 1536 930 1589 Ἀρχιμήδους
961 1537 1132 1589 δύναμιν.

403 1616 436 1644 c.
474 1605 534 1652 15,
564 1605 673 1642 4—8
705 1602 953 1643 Plutarchus
986 1602 1155 1643 brevem
1189 1603 1560 1654 oppugnationem
1602 1604 1641 1642 in
1676 1606 1778 1643 terra
1808 1602 1954 1643 factam
1988 1602 2219 1654 praemittit,
2249 1614 2376 1654 quam
2409 1602 2611 1655 Polybius

200 1673 256 1723 (et
290 1670 448 1721 Livius)
480 1672 631 1721 postea
662 1669 832 1710 demum
865 1681 898 1710 c.
924 1670 950 1709 9
982 1672 1125 1709 narrat.
1158 1669 1277 1721 quod
1309 1669 1362 1709 ad
1395 1681 1479 1709 rem
1512 1670 1665 1719 attinet,
1704 1669 1848 1710 eadem
1889 1672 2065 1721 uterque
2104 1668 2235 1719 refert,
2273 1669 2432 1710 etiamsi
2464 1669 2609 1709 eadem

200 1737 328 1779 verba
359 1748 446 1778 non
480 1736 740 1785 invenimus;
772 1735 1020 1777 Plutarchus
1051 1738 1191 1776 autem
1224 1747 1321 1776 cum
1354 1748 1439 1776 rem
1473 1736 1512 1776 in
1551 1736 1792 1777 universum
1824 1736 1969 1788 potius
2000 1736 2221 1777 narraverit
2245 1735 2471 1788 verbisque
2500 1736 2611 1777 velut

200 1805 463 1857 ὑπέρογκα
494 1804 650 1856 μεγέθη
683 1804 800 1855 ῥοίζῳ
825 1805 892 1842 καὶ
917 1804 1030 1855 τάχει
1057 1834 1064 1841 .
1095 1834 1102 1841 .
1132 1834 1138 1841 .
1173 1804 1364 1854 ἀπίστῳ
1396 1803 1670 1851 exornaverit,
1701 1803 1838 1854 inepte
1860 1815 1908 1843 ac
1934 1803 2058 1843 stulte
2083 1803 2181 1843 dicit
2211 1803 2431 1843 ordines
2456 1804 2611 1852 (τάξεις)

202 1872 491 1914 Romanorum
525 1882 648 1910 muro
680 1870 888 1911 accedere.

404 1937 505 1978 Plut.
538 1950 570 1978 c.
602 1940 650 1977 15
682 1950 717 1977 v.
743 1938 879 1977 8328
923 1937 1161 1977 secundum
1208 1936 1430 1988 Polybium
1475 1936 1701 1987 compositi
1747 1940 1853 1976 sunt.
1898 1936 2142 1977 Plutarchus
2184 1937 2293 1977 enim
2339 1936 2482 1989 Polybi
2526 1937 2609 1976 Vlll

201 2008 237 2055 7,
268 2005 436 2046 8—Vlll
470 2006 507 2054 8,
538 2007 562 2045 5
596 2004 922 2055 descriptionem
965 2004 1017 2043 ita
1058 2004 1096 2042 in
1140 2014 1266 2043 suum
1309 2014 1435 2042 usum
1464 2002 1592 2051 vertit,
1633 2006 1675 2041 ut
1716 2001 1811 2042 hinc
1850 2006 1975 2054 atque
2006 2003 2114 2043 illinc
2144 2015 2196 2043 ex
2228 2002 2416 2043 consiliis
2448 2003 2610 2043 rationi-

200 2072 382 2124 busque,
425 2071 585 2123 quibus
630 2070 903 2111 Archimedes
948 2070 1094 2110 urbem
1139 2069 1405 2118 defendebat,
1448 2069 1656 2121 quaedam
1701 2069 1952 2120 decerpserit
1992 2073 2129 2121 atque,
2171 2073 2215 2110 ut
2258 2081 2341 2109 rem
2379 2073 2610 2119 exornaret,

201 2140 293 2190 ipse
325 2138 528 2178 nonnulla
559 2137 763 2185 adiecerit,
793 2149 904 2188 quae
933 2137 1133 2188 pleraque
1164 2137 1304 2187 inepta
1335 2148 1434 2175 esse
1459 2135 1745 2185 videbimus.³)

405 2204 585 2244 Primum
631 2204 739 2243 enim
780 2202 1026 2243 Plutarchus
1073 2203 1234 2242 addidit
1284 2202 1404 2243 haec:
1453 2215 1489 2242 v.
1520 2203 1547 2242 9
1588 2202 1777 2253 (κεραῖαι)
1824 2204 1891 2249 τὰς
1938 2204 2005 2255 μὲν
2053 2202 2155 2254 (scil.
2186 2210 2293 2251 ναῦς)
2334 2204 2408 2243 ὑπὸ
2451 2203 2610 2255 βρίθους

200 2273 448 2324 στηρίζοντες
480 2271 636 2311 ἄνωθεν
669 2272 843 2310 ὠθοῦσαι
875 2270 1064 2310 κατέδυον
1096 2271 1149 2318 εἰς
1180 2270 1323 2323 βυθόνς
1358 2270 1379 2310 i.
1405 2281 1438 2309 e.
1464 2269 1704 2309 tollenones
1736 2279 1864 2308 naves
1895 2268 2078 2320 desuper
2108 2269 2372 2321 subvaquam
2405 2273 2610 2321 premunt.

201 2339 277 2379 sed
318 2339 371 2379 de
411 2338 615 2386 machina,
655 2349 764 2389 quae
803 2340 883 2377 tam
925 2337 1082 2389 ingenti
1115 2337 1152 2376 vi
1194 2348 1382 2387 premere
1422 2337 1572 2387 possit,
1612 2335 1783 2386 cogitari
1826 2337 1978 2386 nequit.
2009 2337 2122 2387 apud
2163 2336 2383 2389 Polybium
2425 2337 2608 2377 veroilli

201 2407 440 2446 tollenones
472 2405 633 2457 lapides
666 2404 896 2444 demittunt.

406 2472 571 2512 Deinde
610 2483 740 2511 naves
782 2470 977 2511 manibus
1016 2470 1159 2511 ferreis
1201 2469 1387 2511 sublatas
1427 2469 1745 2521 περιδινουμὲνας
1785 2469 1974 2520 scopulis
2013 2468 2186 2510 afflictas
2226 2481 2324 2511 esse
2362 2469 2609 2511 Plutarchus

202 2542 346 2580 narrat.
387 2550 513 2590 quam
556 2538 715 2589 inepte!
757 2549 851 2577 nam
894 2538 927 2578 si
969 2538 1134 2589 scopuli
1176 2548 1392 2588 rupesque
1430 2539 1527 2577 ante
1559 2547 1724 2575 murum
1756 2534 1948 2584 fuissent,
1979 2548 2031 2576 eo
2063 2536 2158 2577 loco
2190 2536 2373 2588 impetus
2403 2536 2488 2577 fieri
2521 2549 2607 2578 non

201 2606 425 2658 potuisset.

404 2671 670 2712 Postremum
704 2670 878 2711 dubitari
911 2674 1065 2722 potest,
1097 2670 1211 2710 unde
1241 2670 1471 2722 sumpserit
1504 2667 1764 2717 Plutarchus,
1794 2679 1903 2719 quae
1932 2667 2091 2708 addidit
2115 2681 2150 2708 v.
2180 2670 2221 2708 11
2258 2668 2386 2721 (χερσὶ
2417 2670 2610 2723 σιδηραῖς)

200 2742 224 2792 ἢ
257 2741 443 2792 στόμασιν
484 2738 728 2791 εἰκασμένοις
766 2739 955 2790 γεράνων.
997 2738 1075 2778 iarn
1116 2749 1218 2778 vero
1259 2737 1360 2778 haec
1400 2737 1565 2789 γέρανος
1606 2734 1798 2775 machina
1837 2737 1920 2775 erat
1958 2734 2168 2776 veteribus
2208 2734 2453 2777 hominibus
2484 2749 2536 2778 ex
2568 2749 2610 2778 re

201 2807 368 2848 scenica
400 2806 513 2846 haud
556 2805 712 2858 ignota,
751 2804 800 2845 cf.
827 2804 925 2845 Poll.
951 2805 1002 2844 lv
1033 2805 1110 2844 130
1140 2804 1164 2855 ἡ
1197 2805 1239 2843 δὲ
1278 2804 1442 2857 γέρανος
1482 2803 1701 2856 μηχάνημά
1741 2802 1842 2840 ἐστιν
1882 2802 1928 2840 ἐκ
1963 2801 2159 2854 μετεώρου
2201 2804 2517 2856 καταφερόμενον
2548 2804 2609 2856 ἐφ’

202 2876 362 2927 ἁρπαγῇ
395 2874 575 2927 σώματος
606 2871 671 2922 (οἵ.
697 2872 749 2911 ad
783 2883 866 2911 rem
900 2872 1031 2924 Etym.
1060 2872 1202 2923 Magn.
1228 2873 1320 2920 228,
1350 2873 1412 2922 2);
1454 2870 1650 2910 videmus
1693 2868 1817 2919 igitur
1860 2867 1967 2908 hanc
2010 2867 2242 2908 machinam
2285 2869 2325 2909 in
2358 2870 2608 2921 spectaculis

201 2941 347 2980 eadem
390 2941 550 2980 ratione
591 2940 686 2979 usui
728 2938 872 2978 fuisse.
913 2940 1052 2989 itaque
1091 2938 1216 2978 verba
1255 2940 1278 2989 ἢ
1312 2940 1496 2990 στόμασιν
1537 2936 1779 2988 εἰκασμένοις
1817 2936 1994 2987 γεράνων
2033 2934 2173 2975 addita
2204 2938 2303 2976 sunt
2332 2948 2357 2977 a
2387 2935 2608 2978 Plutarcho

200 3007 279 3058 (vel
312 3019 335 3046 a
364 3008 471 3047 vitae
502 3007 717 3057 scriptore,
749 3017 876 3056 quem
910 3008 1083 3045 secutus
1116 3006 1205 3056 est).

408 3108 428 3147 ¹)
456 3106 496 3139 cf.
524 3106 646 3149 Niese,
670 3104 802 3138 Gesch.
823 3104 887 3137 der
910 3114 960 3146 gr.
981 3114 1014 3137 u.
1034 3103 1124 3142 mak.
1144 3103 1191 3138 St.
1213 3104 1240 3138 ll
1260 3104 1325 3138 527
1351 3103 1472 3139 adnot.
1495 3101 1526 3145 1,
1552 3101 1611 3146 qui
1639 3100 1770 3136 Livium
1798 3110 1870 3136 rem
1898 3102 2054 3149 mutasse
2080 3102 2187 3145 putat.

403 3162 430 3204 ²)
455 3160 500 3194 de
526 3161 591 3195 hac
615 3159 853 3203 discrepantia
878 3158 957 3192 vide
984 3158 1153 3193 Ahrendt.
1173 3169 1205 3202 p.
1226 3160 1278 3199 51,
1297 3159 1328 3191 ὁ.

403 3219 430 3258 ³)
459 3217 500 3248 cf.
530 3216 642 3257 Peter,
671 3216 737 3247 Die
763 3215 915 3253 Quellen
945 3214 1031 3247 Plut.
1059 3215 1092 3247 in
1118 3215 1151 3247 d.
1174 3214 1362 3257 Biograph.
1383 3215 1445 3253 der
1473 3214 1602 3250 Romer
1631 3213 1713 3246 1865
1739 3223 1771 3254 p.
1791 3213 1812 3245 4
1832 3223 1858 3246 s.
