2789 3532
1309 98 1395 140 xtn

357 233 521 274 Deinde
552 233 692 275 Livius
722 244 818 275 cum
851 231 987 284 qualis
1022 233 1140 273 esset
1178 234 1264 285 χεὶρ
1301 233 1445 284 σιδηρά
1481 232 1568 273 fere
1605 231 1889 280 intellexisset,
1928 230 2004 272 etsi
2044 229 2159 272 haud
2199 230 2354 272 invitus
2384 231 2552 284 singula

155 299 347 355 pluribus
378 299 610 354 descripsit,
640 302 778 342 tamen
809 300 989 352 quantas
1020 298 1061 340 in
1093 296 1357 341 difficultates
1383 298 1535 348 incidit,
1566 300 1611 339 ut
1635 296 1845 340 eiusmodi
1877 295 2112 339 machinam
2137 296 2276 339 verbis
2301 308 2551 351 exsequere·

155 368 239 411 tur!
282 378 360 421 pro
401 367 580 410 vocibus
631 367 741 409 enim
782 366 847 416 „in
889 367 984 408 eas“
1025 366 1343 408 constructione
1383 367 1573 419 neglecta
1614 365 1741 418 paulo
1784 368 1884 418 post
1920 364 2095 406 verbum
2137 367 2330 418 „prorae“
2372 366 2551 417 ponitur.

155 434 308 476 deinde
337 434 433 477 dicit
462 434 676 485 „recellere
704 433 757 474 ad
790 433 930 474 solum
960 432 1132 474 terream
1164 436 1369 483 manum“,
1397 444 1509 486 quae
1531 431 1634 474 foris
1659 435 1736 482 est,
1765 444 1860 473 cum
1885 431 2011 473 altera
2035 431 2262 473 tollenonis
2287 443 2384 484 pars
2413 433 2549 485 „gravi

155 500 400 543 libramento
448 500 631 554 plumbi“
678 499 941 552 deprimatur.
990 499 1137 542 eadem
1186 512 1238 541 ex
1286 499 1529 542 difficultate
1579 499 1790 541 eiusmodi
1841 497 2127 540 machinarum
2181 497 2548 540 describendarum

154 567 411 621 intellegitur,
441 578 515 609 cur
544 565 771 609 sambucas
801 565 940 608 verbis
970 567 1147 620 exsequi
1180 567 1391 610 noluerit..

354 645 417 686 Ex
455 643 589 686 tribus
626 645 778 694 autem,
816 655 929 697 quos
961 643 1162 698 Polybius
1191 644 1321 695 affert,
1359 643 1512 694 modis,
1550 643 1707 697 quibus
1748 655 1877 685 naves
1916 642 2158 693 deciderint,
2197 654 2329 683 unum
2368 655 2549 684 comme·

155 716 287 754 morat
316 713 491 761 tertium,
520 710 680 763 quippe
710 711 781 763 qui
813 711 1087 753 creberrimus
1118 724 1217 754 esse
1245 712 1299 753 ab
1330 712 1399 753 illo
1431 711 1600 753 dicatur.
1630 712 1735 769 alios
1766 723 1868 752 vero
1899 710 2072 760 modos,
2103 710 2124 752 i.
2150 722 2182 751 e.
2209 709 2302 751 illos
2327 722 2350 751 a
2375 709 2548 763 Polybio

154 779 402 833 descriptos,
432 789 528 820 eum
560 779 656 818 ante
686 777 838 819 oculos
870 777 1083 829 habuisse,
1115 778 1191 820 sed
1224 779 1278 820 rei
1309 777 1622 820 contrahendae
1660 789 1787 819 causa
1826 777 2027 819 omisisse
2070 777 2383 818 demonstratur
2412 777 2548 818 verbis

152 846 327 895 „etiam
342 846 383 886 si
416 847 525 885 recta
555 844 820 895 recideret“.¹)

354 921 456 962 Mihi
504 921 675 973 quidem
724 922 957 975 Polybium,
1005 922 1150 978 quo-d
1197 923 1258 963 ad
1306 922 1466 963 verba
1511 922 1721 970 attinet,
1772 934 1924 962 omnes
1973 921 2061 961 illas
2112 919 2419 972 descriptiones
2467 924 2547 961 tam

156 989 411 1042 perspicuas,
442 999 553 1041 quae
581 987 634 1029 ad
665 990 792 1030 artem
820 988 1205 1042 oppugnandarum
1238 988 1403 1030 urbium
1436 988 1651 1041 pertinent,
1691 1000 1777 1029 non
1817 987 1986 1029 aliunde
2017 986 2272 1039 sumpsisse,
2303 986 2377 1027 sed
2408 986 2547 1039 ipsum

153 1055 457 1109 composuisse
486 1066 737 1107 persuasum
770 1059 844 1097 est.
876 1067 987 1109 quae
1016 1067 1112 1098 cum
1145 1057 1198 1097 ita
1229 1056 1324 1107 sint,
1354 1055 1532 1097 dubitari
1564 1056 1720 1109 nequit,
1762 1055 1863 1108 quin
1898 1054 2049 1104 Livius,
2091 1065 2189 1095 cum
2222 1053 2467 1106 saepissime
2495 1054 2547 1094 ad

153 1122 325 1164 verbum
359 1121 423 1163 his
456 1121 644 1174 partibus
675 1123 922 1173 consentiat,
961 1123 1194 1177 Polybium,
1234 1135 1374 1176 neque
1411 1135 1512 1164 vero
1546 1123 1674 1163 ullum
1705 1122 1829 1163 alium
1861 1125 2088 1172 auctorem,
2128 1132 2218 1173 quo
2249 1121 2398 1161 eodem
2430 1121 2549 1175 Poly-

154 1189 268 1230 bium
302 1201 427 1230 usum
459 1201 557 1230 esse
587 1188 845 1231 Ahrendtius
875 1189 1101 1241 arbitratur,
1132 1193 1307 1232 secutus
1339 1191 1401 1232 sit.
1493 1186 1496 1188 ’

353 1267 434 1308 lam
466 1280 566 1309 vero
598 1267 651 1310 de
680 1268 882 1310 terrestris
913 1268 1097 1321 impetus
1128 1268 1244 1310 initio
1274 1282 1311 1310 v.
1342 1280 1470 1321 supra
1501 1280 1540 1322 p.
1573 1268 1618 1309 X.

354 1345 482 1387 Etiam
531 1358 641 1399 quae
688 1348 889 1388 secuntur
938 1346 1077 1388 Livius
1118 1358 1142 1388 a
1172 1345 1349 1400 Polybio
1393 1346 1668 1400 deprompsit,
1715 1358 1839 1400 quam
1883 1346 1936 1388 ad
1979 1358 2063 1387 rem
2108 1344 2299 1388 conteras
2342 1345 2425 1386 Pol.
2456 1346 2493 1395 9,
2523 1347 2548 1386 2

153 1414 216 1452 διὰ
244 1415 288 1452 τὸ
319 1413 539 1466 θαυμάσιον
570 1415 667 1453 εἶναι
697 1415 768 1466 τὴν
797 1421 873 1454 τῶν
902 1414 1025 1467 βελῶν
1056 1415 1306 1467 κατασκευὴν
1336 1416 1403 1454 καὶ
1433 1417 1536 1453 κατὰ
1566 1417 1609 1454 τὸ
1640 1414 1796 1466 πλῆθος
1826 1416 1892 1453 καὶ
1923 1416 2025 1453 κατὰ
2064 1414 2136 1465 τὴν
2174 1413 2382 1465 ἐνέργειαν,
2421 1413 2472 1460 ὡς
2503 1415 2548 1451 ἂν

153 1479 330 1531 Ἱέρωνος
367 1483 436 1532 μὲν
475 1489 655 1533 χορηγοῦ
694 1483 915 1533 γεγονότος,
964 1481 1239 1532 ἀρχιτέκτονος
1286 1483 1328 1520 δὲ
1375 1484 1442 1520 καὶ
1489 1483 1728 1534 δημιουργοῦ
1774 1489 1850 1521 τῶν
1897 1483 2170 1533 ἐπινοημάτων
2210 1480 2470 1532 Ἀρχιμήδους
2508 1482 2547 1518 et

156 1546 236 1587 [ἰν.
266 1547 331 1596 34,
365 1547 413 1587 13
454 1546 554 1596 „sed
581 1559 646 1588 ·ea
687 1559 864 1600 quoque
907 1559 1002 1600 pars
1045 1547 1197 1590 eodem
1241 1548 1355 1589 omni
1398 1550 1598 1600 apparatu
1641 1550 1946 1589 tormentorum
1990 1547 2192 1588 instructa
2230 1548 2310 1586 erat
2350 1545 2547 1587 Hieronis

154 1612 343 1665 inpensis
375 1624 559 1666 curaque
590 1625 663 1666 per
695 1614 851 1655 multos
881 1626 1033 1665 annos,
1064 1614 1328 1656 Archimedis
1360 1614 1482 1656 unica
1511 1616 1630 1655 arte.“

353 1689 435 1732 Sed
468 1691 586 1744 quod
619 1692 823 1744 proximis
847 1692 986 1734 verbis
1018 1692 1163 1745 dicit§
1192 1694 1240 1733 14
1272 1695 1443 1745 propter
1473 1692 1760 1734 difficultatem
1792 1692 1870 1732 loci
1902 1694 2136 1733 terrestrem
2169 1691 2365 1743 impetum
2396 1689 2548 1731 trustra

153 1756 306 1797 factum
350 1769 458 1807 esse,
506 1757 707 1811 Polybius
750 1758 833 1800 hoc
879 1759 975 1800 loco
1024 1771 1110 1800 non
1160 1759 1330 1811 habet.²)
1379 1747 1471 1800 sed'
1504 1759 1684 1812 primum
1734 1759 1813 1799 loci
1864 1761 2050 1798 naturam
2099 1761 2224 1810 atque
2270 1757 2393 1797 situm
2442 1757 2546 1796 muri

155 1824 402 1877 plerumque
440 1837 514 1877 per
550 1826 710 1867 arduos
749 1826 877 1867 colles
918 1826 1030 1868 ducti
1071 1829 1243 1868 noverat
1283 1839 1335 1866 ex
1375 1826 1520 1879 Polyb.
1544 1826 1629 1867 Vlll
1662 1829 1698 1876 5,
1728 1828 1766 1876 4,
1797 1826 1912 1878 impr.
1951 1828 2049 1878 πρὸς
2088 1827 2136 1877 ἢν
2176 1825 2274 1876 (scil.
2312 1826 2381 1876 τὴν
2420 1824 2548 1872 πόλιν)

154 1892 220 1930 καὶ
250 1891 415 1944 μηδενὸς
445 1892 664 1940 κωλύοντος
695 1894 768 1932 οὐκ
799 1895 844 1933 ἂν
875 1895 1051 1947 εὐμαρῶς
1089 1908 1143 1942 τις
1174 1894 1327 1934 δύναιτο
1358 1893 1538 1945 πελάσαι,
1571 1894 1610 1934 et
1640 1895 2041 1934 commemoraverat
2072 1892 2164 1945 ipse
2187 1893 2249 1941 34,
2273 1892 2297 1931 3
2328 1891 2549 1943 „pleraque

154 1957 233 1997 alta
263 1960 301 1998 et
332 1958 513 1999 difficilia
542 1959 690 1999 aditu“.
723 1960 876 2000 deinde
906 1960 1032 2000 verba
1061 1962 1098 2010 9,
1128 1962 1152 2000 3
1193 1962 1227 2000 οἱ
1258 1963 1326 2013 μὲν
1357 1967 1440 2007 ταῖς
1470 1961 1533 1999 διὰ
1563 1968 1631 1999 τοῦ
1670 1961 1822 2012 τείχους
1860 1960 2060 2009 τοξότισιν,
2101 1960 2152 2006 ὡς
2189 1960 2318 1997 ἐπάνω
2348 1965 2547 2009 προεῖπον,

155 2026 389 2077 κακούμενοι
428 2033 600 2078 συνεχῶς
641 2029 816 2079 εἴργοντο
855 2033 924 2078 τῆς
962 2029 1169 2079 προσόδου,
1211 2029 1244 2066 οἱ
1276 2028 1317 2066 δὲ
1349 2030 1446 2079 μετὰ
1475 2034 1551 2067 τῶν
1582 2028 1733 2079 γέρρων
1769 2027 1989 2079 βιαζόμενοι
2025 2033 2107 2073 ταῖς
2137 2033 2208 2065 τῶν
2240 2027 2340 2063 κατὰ
2371 2026 2547 2076 κορυφὴν

155 2090 278 2131 λίθων
317 2093 383 2131 καὶ
422 2092 549 2133 δοκῶν
588 2093 770 2147 ἐμβολαῖς
809 2094 1077 2147 διεφθείροντο
1108 2097 1147 2135 et
1186 2105 1297 2144 „non
1339 2093 1478 2135 solum
1511 2094 1641 2135 missa
1672 2096 1895 2144 tormento,
1937 2092 2014 2134 sed
2053 2093 2172 2134 etiam
2213 2103 2320 2145 quae
2359 2090 2549 2144 pondere

157 2169 239 2198 suo
282 2159 506 2210 provoluta
547 2162 703 2210 essent,
744 2160 921 2213 graviter
962 2161 1001 2201 in
1043 2160 1209 2202 hostem
1248 2161 1499 2202 inciderenf‘
1529 2162 1610 2212 (34,
1644 2163 1709 2209 14)
1740 2161 1841 2202 satis
1872 2161 2144 2202 consentiunt
2175 2159 2401 2208 sententiis,
2440 2169 2550 2210 quae

157 2223 260 2263 inter
285 2236 332 2264 se
357 2229 647 2276 opponuntur.
678 2230 765 2267 tum
791 2227 931 2268 verbis
956 2228 982 2280 ξ
1012 2229 1061 2268 16
1091 2228 1314 2279 „quoniam
1347 2229 1488 2268 omnis
1520 2231 1700 2268 conatus
1727 2227 1907 2268 ludibrio
1933 2230 2069 2268 esset“
2101 2239 2146 2267 se
2170 2226 2367 2266 omisisse
2397 2225 2550 2265 indicat

155 2301 212 2339 ea,
237 2301 345 2342 quae
371 2290 572 2344 Polybius
604 2293 840 2345 singillatim
868 2294 1099 2346 descripsit.
1125 2293 1173 2335 ct.
1199 2294 1319 2335 etiam
1347 2293 1490 2347 Polyb.
1517 2294 1600 2335 Vlll
1626 2295 1664 2345 8,
1689 2296 1713 2335 5
1744 2297 1809 2334 καὶ
1834 2295 1999 2346 θεωρῶν
2031 2296 2142 2347 μετὰ
2168 2325 2176 2333 .
2205 2325 2212 2332 .
2241 2325 2248 2332 .
2280 2293 2549 2345 χλευασμοῦ

154 2358 242 2404 τοὺς
272 2358 381 2397 ἔνδον
412 2359 739 2413 ἀποτριβομένους
769 2362 887 2400 αὑτοῦ
917 2363 986 2408 τὰς
1016 2361 1211 2415 ἐπιβολάς.
1253 2360 1351 2401 nihil
1393 2361 1517 2414 igitur
1546 2364 1619 2411 est,
1659 2373 1733 2402 cur
1763 2361 1802 2401 in
1835 2361 1949 2402 hunc
1981 2361 2118 2402 lo'cum
2151 2359 2420 2400 offendamus
2452 2370 2547 2399 cum

155 2422 386 2464 Ahrendtio
417 2426 472 2476 (p.
503 2427 567 2476 39,
598 2428 649 2476 3).

354 2503 505 2555 Neque
534 2516 634 2546 vero
666 2505 831 2548 differre
860 2519 884 2547 a
915 2506 999 2548 Pol.
1031 2506 1086 2560 ἓξ
1117 2508 1237 2548 5.1o
1269 2507 1350 2548 Liv.
1380 2507 1407 2560 ξ
1442 2509 1492 2548 16
1523 2507 1793 2559 perspicuum
1826 2510 1890 2548 est
1921 2506 2124 2558 (Ahrendt
2155 2518 2192 2558 p
2223 2507 2287 2555 23,
2322 2507 2408 2553 l2);
2438 2504 2546 2544 idem

154 2567 232 2609 dici
264 2571 406 2621 potest
437 2570 491 2611 de
521 2570 606 2612 Pol.
637 2571 664 2625 §
700 2575 749 2613 12
780 2576 819 2614 et
852 2574 932 2615 Liv.
958 2586 990 2615 c.
1015 2575 1080 2625 35,
1108 2575 1176 2627 1.³)

355 2647 434 2689 lam
479 2651 742 2692 transeamus
791 2652 844 2693 ad
893 2653 1252 2706 expugnationem
1290 2647 1613 2707 Syracusarum,
1662 2665 1788 2706 quam
1833 2652 2035 2707 Polybius
2078 2656 2209 2693 narrat
2240 2652 2322 2692 Vlll
2354 2652 2406 2692 37
2447 2650 2546 2699 (Liv.

154 2713 268 2754 XXV
298 2716 361 2756 23.
392 2717 474 2766 24).
535 2716 614 2758 l-iic
643 2717 696 2758 ad
727 2717 813 2760 Pol.
844 2719 971 2761 verba
1001 2720 1205 2762 nonnulla
1234 2720 1477 2762 annotanda
1508 2724 1618 2762 sunt.

354 2793 535 2835 Primum
580 2795 764 2837 Heronis
806 2798 933 2839 verba
979 2800 1284 2852 ἐπιτηρήσαντες
1326 2801 1360 2839 οἱ
1401 2798 1574 2852 Ρωμαῖοι
1616 2802 1752 2852 καιρόν
1800 2803 1871 2840 aut
1902 2800 1954 2840 ita
1989 2804 2058 2840 aut
2101 2798 2281 2839 similiter
2315 2809 2339 2837 a
2370 2796 2546 2848 Polybio

155 2858 307 2911 scripta
348 2859 483 2903 fuisse
526 2862 609 2903 Livi
641 2862 667 2916 ἓ
702 2865 750 2905 13
790 2864 929 2906 verbis
971 2866 1165 2916 „occasio
1208 2865 1506 2919 quaerebatuff‘
1554 2866 1875 2908 demonstratur.
1919 2865 2161 2919 legebantur
2200 2866 2337 2904 autem
2382 2862 2464 2904 hoc
2506 2862 2545 2903 in

358 2959 380 3002 ¹)
406 2960 527 2994 omnia
551 2961 666 3004 igitur,
701 2972 794 3006 quae
827 2963 1043 2998 Ahrendtius
1068 2974 1101 3007 p.
1119 2966 1174 3004 34,
1193 2966 1214 2998 8
1238 2965 1330 3007 dicit,
1364 2965 1493 2998 nullius
1524 2965 1696 2999 momenti
1729 2968 1820 2999 sunt.
1855 2966 1913 3008 qui
1947 2966 2036 2999 errat
2060 2965 2163 2997 etiam
2189 2965 2221 2996 in
2248 2972 2303 3004 eo,
2328 2962 2423 3005 quod
2451 2962 2545 3005 apud

156 3010 339 3056 Polybium
366 3025 511 3049 manum
537 3017 701 3051 machina
725 3019 861 3053 exsolvi
887 3021 996 3062 putat,
1021 3019 1062 3054 cf.
1089 3020 1193 3054 huius
1218 3020 1303 3055 diss.
1329 3022 1463 3064 partem
1489 3022 1645 3055 alteram.

353 3069 379 3109 ²)
404 3070 573 3106 Ahrendt.
600 3083 633 3116 p.
657 3074 712 3115 39,
736 3074 767 3108 3.

353 3125 380 3169 ³)
405 3136 513 3169 quem
539 3127 656 3162 locum
681 3129 898 3164 Ahrendtius
923 3141 955 3174 p.
980 3131 1024 3165 23
1048 3133 1131 3175 post
1154 3141 1250 3166 num.
1279 3133 1318 3166 12
1343 3132 1511 3167 omittens
1536 3133 1606 3166 alio
1631 3133 1710 3167 loco
1735 3144 1767 3177 p.
1792 3134 1846 3176 29,
1870 3135 1891 3167 2
1924 3135 2050 3168 mirum
2076 3143 2155 3167 esse
2180 3132 2273 3174 dicit,
2306 3131 2402 3175 quod
2430 3131 2546 3165 Livius

153 3179 334 3222 copiarum
360 3181 571 3217 divisionem
597 3194 670 3218 non
694 3188 963 3229 commemoret,
988 3196 1205 3231 quamquam
1231 3187 1455 3222 inveniuntur
1479 3188 1574 3232 apud
1601 3188 1733 3223 Livium
1759 3190 1865 3224 verba
1890 3199 1991 3232 „curn
2017 3190 2115 3224 tertia
2140 3189 2279 3233 parte“!
