2789 3532
1299 90 1368 131 Vll

143 228 343 284 Pyrrhum
373 227 688 276 commemorat,
717 223 816 265 mihi
846 233 976 264 causa
1005 223 1080 271 est,
1118 232 1192 262 cur
1229 221 1406 275 Polybio
1445 231 1541 262 eum
1581 231 1708 262 usum
1749 231 1846 262 esse
1875 220 2073 261 iudicem:
2112 232 2207 261 nam
2248 232 2343 261 cum
2385 220 2531 275 Polybi

143 298 195 338 sit
225 296 431 348 respicere
458 294 734 344 animumque
771 289 922 331 referre
958 289 1012 330 ad
1051 300 1117 329 res
1149 289 1399 341 praeteritas,
1436 288 1598 329 illorum
1639 299 1784 339 regum
1818 288 2072 328 mentionem
2104 288 2250 339 ipsius,
2289 300 2375 328 non
2407 289 2533 329 ullius

144 359 396 416 logographi
426 359 561 402 fuisse
591 368 844 412 persuasum
877 355 1027 397 habeo.

308 436 310 438 ’
342 437 567 491 Praecipue
606 438 745 477 autem
789 432 976 475 notanda
1017 435 1116 475 sunt
1158 432 1256 474 bina
1296 433 1361 474 illa
1401 432 1527 474 verba
1567 432 1620 473 ab
1664 435 1845 485 utroque
1884 432 2109 473 coniuncta
2149 435 2436 474 ἀκαταστασίαν
2466 437 2533 475 καὶ

143 507 280 560 μανίαν
310 506 353 558 (ξ
382 506 425 557 8)
456 508 495 546 et
524 503 752 554 „levitatem
782 513 832 542 ac
860 501 1122 542 iactationem
1153 500 1313 541 animi.“

342 583 479 625 Altera
521 580 808 624 Romanorum
852 579 1015 633 legatio,
1057 590 1183 632 quam
1227 577 1311 620 Pol.
1342 591 1375 620 c.
1406 580 1430 620 5
1461 578 1591 629 tradit,
1633 577 1745 619 haud
1790 577 1880 619 scio
1922 589 1973 618 an
2017 589 2039 618 a
2085 577 2198 619 Livio
2240 579 2438 621 consulto
2481 582 2533 622 sit

145 651 315 701 omissa,
346 650 444 703 quia
474 648 648 689 nomine
680 647 873 689 Romano
904 658 992 687 non
1024 646 1201 699 dignum
1234 646 1438 698 putaverit
1470 645 1776 698 Hieronymum
1809 657 1882 697 per
1911 645 2038 685 deum
2071 644 2378 699 hominumque
2406 647 2531 688 tidem

145 717 340 759 obtestari
366 712 779 770 (διαμαρτύρεσθαι).1)
808 723 934 765 quam
961 713 1212 766 legationem
1246 725 1293 754 se
1316 713 1527 765 cognitam
1555 712 1707 754 habere
1732 712 1810 753 iam
1838 724 1926 764 cap.
1946 713 1983 760 6,
2001 713 2027 753 6
2046 712 2208 753 videtur
2233 713 2534 766 significavisse

145 784 205 825 eis
229 783 380 833 verbis,
410 793 520 835 quae
544 782 635 833 ipse
660 781 824 832 legatos
849 780 1010 832 priores
1037 779 1224 820 dicentes
1248 779 1363 819 tacit:
1393 779 1624 828 „redituros
1650 791 1696 819 se
1720 779 1773 819 ad
1799 781 1931 818 eum.“
1991 778 2129 819 Livius
2155 780 2264 818 enim
2291 781 2531 833 priusquam

146 851 304 891 initium
334 850 486 890 taceret
515 847 714 897 vertendi,
745 847 848 898 quin
880 847 1079 887 maiorem
1112 858 1270 896 eorum,
1300 858 1409 898 quae
1439 845 1725 896 descripturus
1757 848 1851 894 erat,
1882 848 2038 897 partem
2071 845 2254 897 legendo
2286 849 2534 898 percurrerit,

145 917 214 957 vix
245 918 387 969 potest
418 913 608 955 dubitari,

345 993 471 1034 Nunc
502 994 764 1033 transeamus
804 991 857 1032 ad
886 991 1182 1045 gravissimum
1215 990 1416 1032 Ahrendti
1448 993 1502 1043 (p.
1527 992 1574 1030 41
1607 992 1654 1039 s.)
1684 993 1990 1043 argumentum,
2028 1002 2103 1031 cur
2143 990 2280 1033 Livius
2320 993 2401 1035 hoc
2440 995 2535 1037 loco

147 1062 358 1114 scriptore
386 1059 529 1112 aliquo
569 1070 702 1099 rerum
743 1058 901 1100 Siciliae
941 1058 1213 1111 propriarum,
1253 1069 1340 1099 non
1373 1057 1550 1111 Polybio
1591 1069 1697 1098 usus
1740 1069 1837 1098 esse
1874 1057 2072 1098 videatur.
2134 1058 2289 1098 Livium
2320 1061 2465 1110 (xxiv
2495 1064 2536 1114 5)

147 1129 255 1169 enim
302 1127 545 1178 Hieronymi
595 1138 734 1166 mores
782 1125 999 1166 coloribus
1047 1125 1283 1166 describere
1330 1125 1635 1176 pinguissimis,
1683 1124 1900 1177 Polybium
1950 1137 2051 1165 vero
2094 1125 2178 1176 (Vll
2211 1127 2250 1176 7)
2292 1127 2537 1180 impugnare

148 1192 440 1247 logographos
467 1191 690 1245 quosdam,
716 1192 786 1244 qui
815 1203 985 1233 summo
1012 1191 1154 1233 studio
1180 1191 1219 1232 id
1245 1191 1416 1244 egerint,
1440 1193 1485 1232 ut
1510 1190 1749 1243 pravitatem
1775 1193 1901 1243 atque
1926 1190 2231 1244 improbitatem
2257 1193 2535 1237 adulescentis

148 1261 404 1303 illustrarent.
463 1259 553 1310 „Da
592 1270 679 1300 nun
719 1292 725 1298 .
757 1292 765 1300 .
797 1292 804 1300 .
835 1292 841 1298 .
876 1258 1014 1300 Livius
1055 1258 1145 1300 eine
1175 1257 1338 1311 gleiche
1370 1257 1642 1311 Darstellung
1671 1256 1798 1298 liefert
1829 1257 1908 1298 wie
1936 1257 2031 1310 iene
2070 1258 2339 1312 (λογόγραφοι,
2378 1272 2428 1302 an
2470 1262 2537 1304 die

150 1327 234 1367 Pol.
265 1326 409 1378 denkt)
450 1326 635 1378 geboten
684 1325 820 1365 haben
865 1326 1086 1375 mssssen,²)
1138 1337 1189 1365 so
1232 1325 1284 1365 ist
1326 1324 1438 1365 doch
1488 1324 1554 1364 die
1596 1324 1818 1364 Annahme
1859 1324 2100 1377 berechtigt,
2143 1326 2224 1365 dass
2268 1327 2402 1368 Livius
2443 1329 2537 1381 jene

149 1393 533 1446 Spezialhistoriker
563 1392 736 1432 benutzt
767 1392 836 1432 hat
867 1393 982 1441 oder,
1013 1392 1066 1431 da
1092 1392 1230 1432 Livius
1262 1392 1463 1432 meistens
1495 1392 1629 1431 einem
1656 1391 1791 1431 Autor
1819 1391 1937 1443 folgt,
1968 1393 2102 1431 einem
2135 1393 2351 1434 derselben
2376 1395 2537 1448 gefolgt

150 1461 235 1502 ist.“
294 1472 378 1513 qua
408 1472 492 1501 una
522 1472 564 1501 re
594 1459 715 1501 nisus
745 1458 797 1500 ad
830 1458 1092 1500 Eumachum
1125 1471 1251 1500 suum
1281 1458 1405 1509 venit,
1435 1471 1488 1500 ex
1519 1458 1639 1500 cuius
1671 1457 1775 1500 libro
1809 1458 1947 1500 Livius
1980 1459 2173 1501 hauserit.

349 1537 490 1587 Quam
531 1538 570 1579 in
614 1537 1018 1591 argumentationem
1058 1537 1237 1590 primum
1281 1537 1403 1590 plane
1443 1539 1638 1579 constare
1680 1536 1904 1579 dicendum
1949 1540 2013 1579 est
2055 1537 2272 1592 Polybium
2315 1543 2354 1581 et
2396 1541 2535 1591 ipsum

149 1609 287 1658 atque,
318 1608 362 1645 ut
392 1605 563 1657 cogitari
596 1606 748 1656 potest,
779 1604 897 1644 etiam
930 1605 1164 1644 accuratius
1195 1615 1320 1656 quarn
1355 1603 1512 1643 Livium
1544 1604 1678 1655 capite
1709 1615 1794 1643 non
1833 1604 1982 1644 tradito
2016 1604 2256 1657 Hieronymi
2289 1609 2328 1645 et
2358 1607 2468 1647 initia
2499 1611 2538 1647 et

150 1676 338 1724 tempora
378 1672 493 1724 regni
534 1671 822 1712 declaravisse.
862 1671 915 1711 ibi
954 1671 1256 1711 adulescentuli
1290 1670 1528 1723 superbiam
1561 1670 1824 1711 insolentiam
1862 1671 2146 1712 crudelitatem
2177 1672 2228 1712 ab
2269 1685 2320 1713 eo
2363 1686 2539 1726 quoque

150 1740 377 1781 clarissime
402 1738 622 1780 illustratas
648 1750 745 1780 esse
769 1738 1080 1779 demonstratur
1104 1750 1199 1779 cum
1227 1737 1291 1780 his
1317 1737 1441 1780 locis:
1465 1738 1542 1787 4,6
1567 1738 1630 1777 διὰ
1654 1740 1697 1778 τὸ
1721 1740 1786 1778 καὶ
1813 1739 1923 1790 φύσει
1948 1740 2016 1791 μὲν
2043 1740 2307 1780 ἀκατάστατον
2333 1742 2538 1793 ὑπάρχειν;

151 1805 174 1858 ξ
205 1806 230 1846 8
260 1807 330 1859 τὴν
362 1807 429 1859 μὲν
462 1807 527 1845 οὖν
559 1805 654 1858 ὅλην
687 1804 976 1845 ἀκαταστασίαν
1006 1806 1071 1844 καὶ
1102 1805 1259 1858 μανίαν;
1290 1806 1325 1854 5,
1345 1805 1370 1845 6
1401 1805 1452 1852 εἰς
1482 1804 1722 1856 τηλικαύτην
1756 1805 1940 1856 ἀστοχίαν
1973 1805 2149 1854 ἐνέπεσε;
2190 1809 2274 1846 turn
2313 1807 2388 1848 illis
2432 1807 2535 1849 locis

153 1875 232 1921 7,4
263 1876 364 1911 κατὰ
396 1875 436 1911 δὲ
468 1876 532 1912 τὸν
571 1874 713 1925 χρόνον
753 1880 886 1911 τοῦτον
927 1874 994 1911 ἕνα
1033 1873 1100 1925 μέν
1140 1886 1222 1911 τινα
1253 1874 1318 1910 καὶ
1349 1873 1530 1923 δεύτερον
1561 1872 1853 1923 ἐστρεβλῶσθαι
1884 1874 1950 1910 καί
1981 1887 2084 1919 τινας
2114 1881 2186 1911 τῶν
2217 1875 2336 1924 φίλων
2368 1878 2432 1913 καὶ
2463 1883 2538 1914 τῶν

152 1941 281 1979 ἄλλων
312 1940 564 1991 Συρακοσίων
597 1941 842 1978 ἀπεκτάνθαι
873 1941 1034 1979 δυνατόν
1074 1943 1112 1979 et
1151 1939 1176 1990 ξ
1208 1942 1232 1979 5
1263 1942 1329 1978 καὶ
1367 1946 1420 1990 τῷ
1460 1941 1528 1991 μὲν
1559 1941 1690 1990 τρόπῳ
1727 1940 1987 1990 διαφερόντως
2018 1942 2161 1979 εἰκαῖον
2192 1943 2306 1980 αὐτὸν
2337 1944 2539 1993 γεγονέναι

152 2010 217 2047 καὶ
247 2009 473 2060 παράνομον
505 2007 736 2059 φατέον.3)
776 2019 915 2059 neque
945 2006 1068 2059 igitur
1098 2006 1241 2048 celavit
1273 2005 1474 2060 Polybius
1515 2006 1578 2047 illa
1609 2006 1725 2056 mala,
1768 2006 1843 2048 sed
1883 2006 1922 2048 in
1955 2019 2031 2049 eos
2064 2010 2217 2048 tantum
2251 2021 2297 2049 se
2327 2010 2540 2059 convertit,

153 2073 222 2127 qui
263 2073 435 2127 principi
476 2074 696 2128 ὑπερβολὴν
735 2074 978 2128 παρανσμίας
1017 2074 1082 2113 καὶ
1120 2073 1457 2127 παρηλλαγμένην
1499 2072 1676 2126 ἀσέβειαν
1707 2072 1746 2126 (ξ
1776 2074 1817 2123 4)
1847 2072 2162 2120 attribuerunt.⁴)
2204 2085 2312 2127 quae
2341 2076 2537 2130 ὑπερβολή

153 2142 287 2192 qualis
318 2142 432 2191 apud
464 2142 558 2180 illos
590 2141 883 2192 logographos
914 2141 1046 2189 fuerit,
1076 2141 1168 2191 ipse
1198 2141 1295 2180 dicit
1325 2142 1349 2191 ξ
1384 2143 1498 2179 1—2.
1540 2141 1679 2179 multis
1722 2142 1831 2179 enim
1864 2141 2001 2180 verbis
2034 2143 2258 2192 multisque
2288 2144 2539 2183 vanitatibus

154 2206 410 2247 monstrosis
441 2206 643 2259 prodigia,
682 2218 791 2259 quae
829 2206 1131 2247 dominationis
1162 2206 1321 2247 initium
1353 2206 1696 2259 praecessissent,
1735 2209 1774 2247 et
1805 2206 1991 2248 miserias
2022 2206 2376 2260 Syracusanorum
2410 2221 2540 2251 narra-

154 2275 320 2323 verunt;
354 2285 481 2325 porro
520 2275 582 2313 ἐπὶ
622 2275 663 2313 δὲ
702 2281 796 2313 πᾶσι
834 2276 877 2314 τὸ
916 2274 1144 2327 παράλογον
1183 2276 1249 2313 καὶ
1287 2276 1330 2314 τὸ
1361 2275 1485 2314 δεινὸν
1524 2281 1599 2313 τῶν
1630 2276 1718 2326 περὶ
1747 2275 1817 2326 τὴν
1849 2277 2124 2328 καταστροφὴν
2154 2276 2271 2314 αὐτοῦ
2302 2276 2539 2329 συμβάντων,

155 2344 198 2381 ut
249 2352 326 2381 nec
367 2339 549 2381 Phalaris
601 2352 740 2393 neque
782 2340 1072 2393 Apollodorus
1116 2352 1194 2381 nec
1235 2341 1461 2400 quisquam
1512 2340 1617 2381 alius
1667 2340 1788 2381 tuerit
1838 2340 1956 2393 peior
2005 2344 2203 2394 tyrannus
2254 2342 2321 2392 (cf.
2351 2342 2375 2395 ξ
2407 2345 2431 2383 5
2472 2343 2540 2383 fin.

155 2410 199 2448 οὐ
230 2409 305 2461 μὴν
336 2409 388 2454 εἷς
417 2421 463 2459 γε
493 2408 693 2459 σύγκρισιν
731 2408 870 2448 ἀκτέον
913 2409 1037 2448 οὐδενὶ
1067 2416 1142 2448 τῶν
1183 2408 1488 2461 προειρημένων
1514 2409 1735 2459 τυράννων).
1776 2407 1933 2459 quibus
1973 2408 2026 2448 de
2064 2408 2189 2449 rebus
2229 2409 2429 2450 omnibus
2471 2409 2539 2450 ubi

156 2474 386 2528 quidquam
417 2472 531 2526 apud
565 2473 721 2515 Livium
754 2474 989 2516 invenitur?
1018 2475 1089 2528 qui
1121 2477 1230 2517 certe
1260 2474 1451 2528 prodigia
1481 2474 1583 2527 ipsa,
1625 2486 1734 2527 quae
1764 2486 1889 2527 quarn
1931 2474 2203 2517 libentissime
2233 2487 2394 2517 narrare
2425 2477 2542 2527 solet,

157 2553 243 2582 non
284 2540 641 2593 praetermisisset.
679 2552 788 2593 quae
827 2542 969 2582 omnia
1000 2541 1118 2594 quod
1150 2541 1304 2582 desunt
1341 2541 1457 2594 apud
1491 2542 1661 2591 Livium,
1700 2553 1839 2594 neque
1872 2542 2155 2595 Hieronymus
2195 2554 2289 2583 cum
2331 2543 2541 2584 Phalaride

156 2609 331 2660 aliisque
373 2610 649 2659 comparatur,
691 2608 731 2647 id
774 2609 1009 2650 certissimo
1050 2612 1300 2661 argumento
1349 2612 1423 2658 est,
1470 2621 1559 2660 quo
1607 2608 1907 2660 comprobetur
1954 2622 2039 2650 non
2089 2621 2222 2660 posse
2269 2610 2377 2650 illum
2423 2611 2540 2662 logo—

362 2754 383 2792 ¹)
407 2750 447 2785 cf.
473 2750 567 2785 Guil.
588 2751 751 2785 Michael.
772 2762 830 2795 pg.
849 2753 903 2786 28.
953 2753 1198 2787 Hesselbarth.
1218 2764 1250 2797 p.
1269 2754 1345 2788 475.
1394 2753 1504 2787 Niese
1530 2753 1557 2787 ll
1584 2755 1659 2787 517.
1685 2756 1805 2787 contra
1830 2753 1912 2787 dicit
1936 2753 2104 2787 Ahrendt.
2130 2764 2161 2796 p.
2181 2754 2232 2787 28.

358 2819 385 2860 2)
413 2818 508 2851 ldem
543 2820 664 2851 censet
696 2818 816 2852 Soltau
852 2819 991 2858 (Philol.
1020 2820 1091 2853 Llll
1117 2821 1210 2863 621),
1249 2820 1309 2863 qui
1334 2820 1448 2854 addit:
1482 2820 1620 2861 „Livius
1645 2821 1756 2853 selbst
1779 2821 1833 2862 24,
1852 2821 1906 2861 25,
1925 2821 1945 2853 2
1970 2820 2121 2853 verwirtt
2145 2821 2261 2862 spiter
2284 2819 2340 2852 die
2366 2820 2538 2862 Angaben

158 2885 227 2909 von
251 2874 305 2917 24,
324 2875 377 2908 5.“
426 2873 574 2907 Minime
599 2883 694 2916 vero,
719 2873 810 2908 illius
835 2875 929 2908 enim
956 2875 1022 2910 loci
1048 2876 1155 2910 verba
1180 2876 1214 2910 in
1239 2876 1399 2910 oratione
1424 2879 1627 2920 „tamquam
1652 2876 1686 2910 in
1712 2878 1814 2910 reos“
1840 2876 1956 2910 habita
1981 2875 2116 2918 Sopatn·
2142 2875 2302 2909 attributa
2327 2877 2419 2917 sunt,
2444 2876 2541 2919 quod

159 2929 373 2963 Ahrendtius
398 2939 430 2972 p.
450 2929 494 2962 46
517 2935 610 2962 recte
634 2929 728 2962 vidit.

358 2996 386 3040 ³)
410 2995 494 3036 Quo
528 2995 607 3030 loco
640 2995 828 3031 verisimile
861 2998 915 3032 est
947 2996 1144 3043 Polybium,
1178 3008 1257 3033 cum
1290 2999 1336 3034 de
1368 2998 1649 3043 discrepantibus
1682 2998 1910 3042 opinionibus
1946 2997 2126 3041 disceptet,
2164 2996 2370 3041 Hieronymi
2403 3007 2541 3032 morum

159 3054 419 3096 improbitatem
445 3053 561 3086 minus
587 3054 846 3095 reprehendere
870 3065 977 3096 quarn
1003 3056 1037 3087 in
1063 3056 1246 3097 superiore
1270 3056 1480 3096 narratione,
1505 3065 1597 3096 quae
1622 3055 1726 3087 nobis
1751 3057 1888 3087 servata
1912 3064 1983 3086 non
2009 3056 2072 3086 est.

360 3119 386 3162 ⁴)
413 3118 454 3153 cf.
479 3118 587 3161 Stein,
631 3118 699 3155 Res
732 3118 971 3164 Syracusanae
1013 3120 1095 3155 inde
1131 3131 1151 3155 a
1185 3122 1296 3155 morte
1332 3120 1499 3155 Hieronis
1533 3130 1646 3163 usque
1680 3120 1723 3154 ad
1758 3120 1854 3154 urbis
1888 3119 2187 3163 expugnationem
2223 3124 2406 3154 narrantur
2439 3123 2544 3164 atque

160 3175 381 3209 illustrantur.
431 3174 519 3207 Part.
541 3175 551 3207 1
579 3175 697 3208 Neuss
724 3176 819 3209 1871.
844 3186 877 3219 p.
902 3178 923 3209 4
947 3176 1066 3210 adnot.
1094 3177 1144 3209 10.
