2789 3532
1305 94 1356 134 Xl

338 228 549 270 Praeterea
580 228 613 270 si
647 228 727 269 Liv.
757 228 782 280 ξ
812 229 838 268 5
867 226 983 268 dicit:
1013 227 1230 280 „sagittarii
1262 231 1336 268 etc.
1361 228 1431 268 vix
1461 238 1717 280 quemquam
1751 226 1842 267 sine
1871 226 2042 268 volnere
2069 226 2302 269 consistere
2331 227 2370 266 in
2403 238 2528 268 muro

139 296 432 349 patiebantur,“‘
478 307 574 336 cum
621 294 737 348 apud
781 293 1000 346 Polybium
1050 293 1147 334 nihil
1190 294 1380 346 legamus
1423 293 1500 335 nisi
1544 294 1579 333 δί
1609 296 1662 333 ὢν
1703 293 1913 346 ἔμελλον
1959 296 2047 340 τοὺς
2093 295 2168 333 ἀπὸ
2209 301 2285 333 τῶν
2326 294 2525 341 ἐπάλξεων

138 361 382 416 μαχομένους
412 362 659 402 ἀναστέλλειν
692 360 831 402 Livius
861 359 991 401 factas
1031 371 1096 401 res
1136 372 1213 412 pro
1251 361 1388 412 petitis
1418 360 1481 401 vel
1514 360 1764 412 praeparatis
1789 359 2015 409 substituit,
2053 359 2172 401 cuius
2203 360 2257 400 rei
2288 360 2366 400 iam
2399 371 2527 412 supra

140 442 177 481 p.
203 428 250 468 V.
281 429 520 481 exemplum
551 428 776 469 attulimus.

339 495 464 537 Nunc
504 495 629 536 venio
670 493 723 535 ad
765 506 855 535 eam
899 506 996 544 rem,
1037 505 1156 546 quae,
1197 506 1292 536 cum
1338 494 1478 535 Livius
1520 496 1559 535 et
1589 493 1789 547 Polybius
1831 493 1935 535 inter
1977 505 2024 534 se
2061 492 2319 543 dissentiant,
2361 506 2526 546 semper

138 562 389 615 gravissimo
436 564 688 615 argumento
735 560 822 610 fuit,
863 574 901 602 v.
931 560 1129 602 Ahrendt.
1160 573 1198 614 p.
1229 562 1293 611 32,
1322 563 1357 602 ὁ.
1400 561 1514 614 apud
1561 560 1779 614 Polybium
1831 560 1941 602 enim
1991 560 2100 601 binis
2150 561 2524 613 quinqueremibus

139 630 375 671 coniunctis
416 628 701 670 sambucae
738 628 791 668 ad
832 640 996 668 murum
1036 628 1275 678 afferuntur,
1317 641 1426 681 quae
1456 629 1679 681 quomodo
1710 629 1922 669 institutae
1953 628 2034 668 sint
2063 630 2253 669 accurate
2282 628 2525 669 describitur

138 698 163 749 ξ
201 698 357 747 3-11;
422 697 561 738 Livius
619 698 758 737 autem
819 694 894 737 has
954 708 1082 738 naves
1145 698 1343 746 „turres
1401 695 1780 738 contabulatas
1839 694 2370 748 machinamentaque
2426 695 2525 736 alia

139 763 450 817 quatiendis
493 762 677 804 muris“
726 764 920 816 portasse
955 765 1098 805 narrat.
1130 763 1206 805 sed
1243 763 1439 816 equidem
1472 762 1646 804 dubium
1685 774 1771 805 non
1821 774 1919 804 esse
1959 762 2184 812 existumo,
2232 762 2333 815 quin
2377 762 2524 811 Livius,

140 833 339 884 quoniam
379 833 508 872 totam
548 830 789 871 obsidionis
830 832 1102 871 narrationem
1143 831 1263 871 valde
1304 831 1553 871 contraxerit
1594 855 1647 858 —-
1687 843 1739 871 ex
1779 831 1969 882 quinque
2010 830 2118 870 enirn
2162 829 2366 881 capitibus
2409 829 2525 881 Poly·

141 897 273 939 bianis
316 897 478 938 exsistit
520 896 646 949 paulo
689 896 785 949 plus
828 909 959 938 unum
1006 897 1087 938 Livi
1107 921 1167 947 —‚
1215 897 1440 939 sambucas
1480 909 1713 950 eorumque
1752 896 2055 939 institutionem
2095 896 2293 939 consulto
2331 896 2526 944 omiserit,

138 965 236 1017 quia
266 976 406 1017 neque
436 963 607 1017 longius
640 975 800 1005 narrare
831 976 980 1017 neque,
1010 976 1094 1017 qua
1124 968 1208 1005 erat
1239 965 1410 1015 levitate,
1449 964 1503 1005 rei
1535 964 1674 1005 minus
1706 968 1830 1005 notae
1861 967 1942 1005 tam
1975 964 2192 1016 diligenter
2229 975 2397 1015 operam
2430 963 2525 1003 dare

138 1032 315 1081 volebat,
346 1034 390 1071 ut
420 1042 511 1072 eam
544 1031 670 1071 latino
701 1043 898 1072 sermone
928 1034 1036 1072 recte
1066 1031 1303 1073 describere
1333 1034 1492 1084 posset.
1524 1032 1669 1084 quales
1707 1034 1933 1083 apparatus
1973 1042 2099 1082 quam
2140 1029 2303 1071 difficile
2341 1031 2374 1071 ei
2406 1029 2525 1071 fuerit

140 1101 248 1140 recte
277 1097 494 1150 explicare,
525 1110 576 1138 ex
608 1097 890 1151 descriptione
918 1096 1073 1140 ferreae
1103 1111 1255 1140 manus
1286 1098 1312 1152 ἓ
1347 1100 1406 1140 10.
1441 1100 1484 1139 11
1521 1098 1776 1151 intellegitur,
1807 1097 1857 1141 cf.
1882 1097 1985 1139 infra
2016 1109 2109 1150 pag.
2135 1096 2265 1149 Xlll.¹)

337 1163 471 1212 Quod
523 1176 649 1217 quam
701 1168 810 1206 recte
860 1165 1119 1218 disputatum
1163 1166 1226 1216 sit,
1276 1168 1320 1206 ut
1370 1166 1535 1218 planius
1586 1166 1853 1218 intellegatur,
1904 1165 2072 1217 singula
2122 1165 2247 1217 paulo
2295 1165 2525 1205 accuratius

139 1232 471 1272 consideremus.
509 1243 557 1272 ac
596 1232 775 1283 primum
819 1232 936 1273 initio
978 1232 1273 1284 descriptionis
1316 1233 1424 1274 illius
1468 1233 1607 1274 Livius
1650 1234 1740 1284 ipsa
1783 1232 1926 1285 Polybi
1970 1232 2096 1274 verba
2137 1243 2269 1283 paene
2309 1231 2525 1282 expressit.

140 1310 268 1339 naves
298 1300 437 1338 autem
470 1298 573 1339 inter
603 1310 650 1339 se
679 1298 896 1351 colligatae
926 1301 964 1339 et
996 1298 1223 1340 sambucae
1251 1299 1365 1352 apud
1398 1299 1617 1353 Polybium
1650 1311 1743 1340 cum
1778 1299 1954 1352 separari
1987 1310 2075 1339 non
2107 1298 2284 1351 possint,
2321 1297 2405 1338 fieri
2437 1309 2523 1339 non

140 1368 292 1417 potest,
324 1367 367 1405 ut
398 1364 612 1418 Polybius,
643 1365 676 1406 si
701 1365 755 1406 ab
782 1365 999 1406 Eumacho
1025 1366 1277 1417 (secundum
1304 1366 1598 1418 Abrendtium)
1627 1367 1760 1408 aliove
1783 1366 2000 1419 colligatas
2026 1377 2156 1406 naves
2182 1365 2526 1417 deprompsisset,

138 1432 306 1472 aliunde
352 1444 429 1484 pro
477 1432 659 1473 turribus
708 1433 748 1473 in
797 1445 925 1473 naves
975 1433 1183 1485 impositis
1232 1433 1457 1475 sambucas
1507 1437 1753 1486 sumpturus
1800 1433 1931 1474 fuerit.
1973 1436 2153 1474 attamen
2202 1432 2428 1473 Ahrendtio
2470 1433 2525 1482 (et

141 1498 418 1550 Buchholzio)
448 1499 612 1540 videtur
642 1511 706 1541 res
733 1500 785 1540 ita
817 1511 864 1541 se
894 1499 1057 1541 habere.

341 1566 477 1607 Multo
517 1567 665 1608 melius
705 1567 846 1608 omnia
884 1564 1187 1620 intellegemus,
1228 1568 1261 1609 si
1289 1568 1371 1609 Livi
1413 1568 1612 1609 rationem
1652 1567 1837 1609 vertendi
1878 1567 2208 1620 respexerimus;
2246 1578 2352 1618 quae
2391 1566 2525 1618 qualis

141 1632 223 1673 hoc
253 1633 349 1674 loco
380 1633 500 1674 fuerit
525 1634 790 1675 illustremus.
816 1635 994 1686 primum
1027 1635 1135 1675 enim
1169 1647 1252 1675 rem
1280 1635 1515 1676 secundum
1543 1635 1762 1688 Polybium
1789 1647 2004 1687 exponere
2034 1635 2183 1686 coepit,
2221 1634 2245 1685 ξ
2278 1635 2303 1674 6
2341 1634 2527 1683 „iunctae

138 1699 238 1741 aliae
269 1699 413 1741 binae“
444 1703 517 1742 etc.
550 1700 702 1742 deinde
731 1713 827 1742 cum
859 1703 987 1742 totam
1021 1700 1314 1743 sambucarum
1355 1701 1695 1754 descriptionem,
1733 1713 1843 1755 quae
1881 1713 1976 1743 cum
2017 1701 2144 1754 longa
2183 1703 2292 1742 esset
2330 1703 2416 1741 turn
2457 1699 2525 1740 vix

139 1766 325 1807 contrahi
358 1770 518 1820 posset,
551 1768 786 1821 intellegere
817 1769 916 1809 satis
948 1768 1114 1809 difficile
1144 1780 1241 1809 esse
1271 1769 1437 1819 videret,
1479 1781 1575 1810 eum
1608 1769 1699 1810 belli
1731 1772 1974 1822 apparatum
2006 1771 2194 1809 accurate
2227 1779 2274 1808 ac
2311 1767 2528 1819 diligenter

140 1834 355 1884 explorare
395 1838 521 1887 atque
562 1847 827 1887 cognoscere
868 1835 1021 1876 veritus
1064 1835 1239 1876 breviter
1280 1847 1351 1876 eas
1389 1836 1604 1876 machinas
1647 1837 1802 1888 posuit,
1844 1848 1952 1888 quae
1993 1836 2028 1876 ei
2071 1839 2110 1876 et
2149 1838 2269 1875 notae
2307 1837 2420 1875 erant
2458 1837 2525 1877 (ex

140 1899 333 1941 Caesaris
362 1902 411 1943 al.
441 1901 570 1953 libris)
612 1906 651 1943 et
691 1902 744 1942 ad
787 1914 871 1942 rem
914 1903 1116 1954 quadrare
1157 1902 1415 1944 videbantur.
1459 1915 1585 1955 quam
1636 1903 1881 1944 sententiam
1924 1915 2061 1943 veram
2111 1914 2205 1943 esse
2251 1914 2303 1942 eo
2351 1913 2527 1953 quoque

139 1966 449 2018 comprobatur,
489 1969 607 2020 quod
651 1968 790 2010 Livius
830 1972 979 2020 postea
1018 1981 1071 2010 ne
1108 1972 1412 2011 commemorat
1451 1969 1622 2022 quidem
1664 1981 1793 2010 naves
1834 1981 1934 2010 suas
1977 1969 2188 2021 colligatas
2219 1968 2409 2020 quidque
2438 1967 2527 2008 illae

140 2033 354 2075 machinae
385 2034 603 2077 effecerint.
636 2036 794 2089 quibus
834 2037 1034 2089 respectis
1067 2036 1387 2078 Hesselbarthio
1417 2044 1472 2090 (p.
1496 2038 1576 2078 477
1601 2037 1742 2078 adnot.
1773 2039 1809 2089 l>
1848 2037 2067 2086 assentior,
2106 2037 2172 2088 qui
2212 2038 2327 2088 putat
2368 2034 2524 2075 Livium

139 2100 421 2152 descriptione
459 2103 659 2144 consulto
699 2103 835 2144 relicta
866 2103 1004 2144 verbis
1042 2111 1120 2151 τοῖς
1150 2106 1311 2157 πύργοις
1349 2116 1436 2156 cap.
1470 2106 1504 2153 7,
1535 2106 1548 2144 l
1585 2104 1637 2145 ad
1668 2107 1846 2154 „turres“
1878 2116 1978 2145 suas
2005 2104 2174 2144 ductum
2201 2114 2307 2143 esse.
2339 2101 2526 2143 notanda

139 2168 308 2219 quidem
353 2172 452 2209 sunt
494 2170 614 2210 etiam
657 2182 752 2211 cum
796 2171 921 2211 verba
963 2171 1027 2212 illa
1068 2183 1173 2223 vaga
1216 2183 1293 2212 nec
1335 2173 1436 2213 satis
1474 2167 1648 2212 'definita
1694 2172 2134 2223 „machinamentaque
2174 2171 2248 2210 alia
2289 2169 2527 2221 quatiendis

140 2234 302 2285 muris,“
333 2247 442 2287 quae
472 2236 623 2278 eodem
657 2237 801 2287 modo,
832 2250 920 2290 quo
952 2250 1079 2291 supra
1109 2250 1142 2279 c.
1167 2239 1230 2288 33,
1255 2239 1280 2279 9
1311 2238 1437 2280 verba
1467 2239 1630 2289 „omnis
1660 2241 1884 2291 apparatus
1915 2236 2296 2291 oppugnandarum
2329 2235 2528 2285 urbium‚“

139 2313 233 2342 cum
276 2303 434 2354 „primo
476 2304 668 2356 impetu,“
717 2317 806 2357 quo
850 2305 1025 2347 Romani
1073 2305 1186 2358 apud
1231 2306 1388 2346 Livium
1438 2307 1478 2346 in
1522 2306 1666 2347 urbem
1712 2306 1906 2347 invadere
1948 2306 2105 2354 volunt,
2151 2304 2398 2356 discrepant,
2440 2308 2526 2344 tum

139 2368 392 2409 vocabulum
435 2370 875 2422 „machinamentum,“
917 2372 1035 2424 quod
1077 2373 1190 2424 apud
1235 2373 1392 2413 Livium
1437 2373 1519 2414 hoc
1561 2385 1649 2414 uno
1693 2373 1788 2413 loco
1831 2373 2047 2420 invenitur,
2093 2383 2186 2412 cum
2236 2371 2381 2412 ceteris
2425 2371 2528 2411 locis

138 2435 339 2477 omnibus
370 2436 582 2478 vocabulo
613 2438 849 2487 „machina“
881 2442 1027 2489 utatur,
1058 2440 1176 2492 quasi
1204 2440 1333 2480 verbo
1361 2440 1500 2481 minus
1527 2440 1681 2481 usitato
1707 2439 1798 2481 belli
1824 2442 2066 2492 apparatum
2094 2438 2232 2479 minus
2259 2437 2525 2490 perspicuum

139 2501 374 2554 significare
403 2503 508 2543 velit.

338 2569 488 2622 Neque
531 2570 654 2622 igitur
695 2572 843 2612 mirum
893 2576 967 2621 est,
1015 2573 1134 2625 quod
1179 2574 1317 2614 Livius
1366 2577 1516 2625 postea
1560 2565 1796 2623 sambucas,
1846 2573 1915 2614 ubi
1964 2573 2076 2625 apud
2121 2571 2339 2625 Polybium
2384 2572 2525 2611 iterum

137 2635 380 2677 adferuntur
409 2649 441 2678 c.
474 2639 509 2687 7,
539 2639 573 2677 8.
609 2639 669 2687 10,
701 2639 852 2689 omisit,
884 2641 984 2692 quin
1017 2641 1136 2681 etiam
1169 2653 1201 2681 c.
1233 2642 1268 2689 8,
1299 2643 1407 2681 5κ--ὁ
1439 2641 1536 2681 illud
1568 2653 1591 2681 a
1624 2641 1821 2682 Marcello
1851 2640 1982 2682 facete
2013 2640 2167 2681 dictum
2194 2639 2384 2691 neglexit.

211 2761 223 2798 t
339 2703 483 2800 'nteits'
515 2716 624 2757 quae
656 2708 865 2756 secuntur,
905 2706 931 2759 ξ
961 2708 1109 2757 8——11,
1148 2708 1307 2760 optime
1345 2708 1602 2760 intellegitur,
1643 2707 1867 2760 quomodo
1905 2708 2041 2748 Livius
2079 2706 2260 2748 auctoris
2301 2706 2363 2746 sui
2404 2704 2527 2745 verba

138 2770 208 2798 ver
227 2770 294 2799 ere
326 2771 469 2800 soea.

339 2826 400 2867 Ex
432 2826 577 2880 Polybi
609 2840 640 2868 c.
668 2829 702 2878 7,
737 2830 853 2877 1—3,
883 2830 954 2881 qui
988 2831 1120 2880 locuS,
1159 2832 1277 2882 quod
1309 2832 1451 2871 attinet
1481 2832 1533 2872 ad
1567 2836 1750 2872 veterum
1783 2843 1866 2872 rem
1900 2833 2214 2878 tormentorum,
2251 2827 2528 2880 gravissimus

139 2895 212 2941 est,
243 2893 437 2935 videmus
470 2906 622 2947 magna
652 2898 858 2936 tormenta
895 2896 948 2936 ad
987 2897 1066 2938 tela
1105 2910 1178 2950 per
1208 2898 1400 2950 longiora
1440 2901 1599 2939 tantum
1642 2898 1773 2951 spatia
1813 2898 2012 2939 mittenda
2052 2896 2203 2937 idonea
2237 2894 2389 2935 tuisse:
2430 2906 2527 2935 cum

139 2957 274 2999 hostis
307 2961 484 3012 propius
514 2964 758 3011 accesserat,
790 2962 828 3002 in
862 2973 1008 3003 eorum
1042 2964 1182 3005 locum
1210 2965 1371 3005 minora
1397 2964 1593 3006 substitui
1621 2977 1797 3006 necesse
1822 2966 1949 3013 erat.²)
1975 2975 2067 3004 nam
2094 2964 2297 3002 tormenta
2321 2961 2374 3000 ad
2402 2972 2527 3000 suum

139 3089 289 3124 Michael
317 3048 435 3134 p¹)3}e
459 3048 620 3083 dubitare
645 3050 789 3093 quidem
815 3060 907 3093 opus
933 3053 996 3091 est,
1029 3052 1114 3094 quin
1142 3052 1257 3085 Livius
1291 3052 1565 3095 descriptionem
1599 3051 1772 3086 Graecam
1807 3052 2009 3094 intellegere
2040 3050 2200 3093 potuerit,
2233 3052 2271 3082 ut
2303 3052 2400 3092 putat
2434 3048 2530 3082 Guil.

337 3147 365 3189 ²)
393 3146 559 3182 Holmius
601 3148 635 3183 in
677 3149 755 3184 hist.
775 3149 841 3187 Sic.
862 3150 906 3184 111
933 3161 966 3194 p.
985 3152 1028 3185 54
1070 3151 1176 3185 verba
1217 3155 1298 3194 πρὸς
1342 3156 1427 3185 ἁπαν
1470 3155 1605 3193 ἐμβελὲς
1643 3156 1808 3194 διάστημα
1855 3152 1899 3185 ita
1936 3149 2122 3185 intellexit:
2171 3149 2401 3184 Archimedes
2439 3149 2530 3184 habe

139 3201 346 3235 Maschinen
372 3202 573 3246 autgestellt
596 3203 652 3247 „je
677 3205 781 3238 einen
808 3205 1011 3239 Pleilschuss
1036 3206 1151 3248 weit“,
1176 3206 1247 3240 scil.
1274 3217 1343 3240 von
1369 3207 1558 3240 einander!
