2789 3532
0 0 66 27 {JV

1321 140 1414 203 w
1449 201 1482 203 .‚

155 271 385 322 enuntiato,
416 272 535 325 quod
566 275 663 314 ante
693 272 802 313 Μετὰ
832 273 874 313 δέ
904 274 1043 324 τινας1)
1084 275 1289 317 amissum
1322 280 1396 318 est.
1428 277 1583 329 reliqua
1615 289 1714 319 vero
1754 289 1864 330 quae
1893 276 2007 330 apud
2041 277 2253 318 Heronem
2285 278 2380 318 ante
2410 288 2557 317 vocem

155 339 377 391 αὐτομόλου
409 339 660 390 invenimus,
691 341 826 392 ipsius
859 344 968 382 sunt.

363 405 528 446 Deinde
558 418 637 458 pro
668 406 799 447 verbo
829 409 1154 461 προσαναλαβὼν,
1190 410 1310 461 quod
1344 410 1595 452 Hultschius
1626 412 1659 451 Τ
1691 415 1863 452 secutus
1903 411 2100 463 praetulit,
2139 411 2560 464 προσανανεωσάμενος

156 473 262 522 puto
295 471 566 513 scribendum
599 485 715 522 esse;
754 473 874 525 quod
913 474 1027 526 apud
1061 473 1282 528 Polybium
1313 475 1451 518 fuisse
1479 480 1638 518 certum
1670 490 1768 519 esse
1798 478 1951 528 iudice,
1990 477 2088 530 quia
2117 476 2271 518 Suidae
2306 476 2456 518 lemma
2486 479 2560 518 est.

157 549 298 590 neque
328 539 438 579 enirn
471 543 693 591 excerptor
723 540 755 580 Τ
786 540 840 581 de
870 541 1137 590 „revocando
1169 543 1208 582 in
1242 543 1511 584 memoriam“
1550 545 1687 586 dicere
1726 548 1897 597 poterat,
1938 545 2036 597 quia
2078 544 2116 584 in
2160 546 2360 595 excerpto
2393 555 2476 584 suo
2508 543 2562 584 de

157 606 385 646 numeratis
418 606 629 658 lapidibus
661 607 759 646 nihil
793 611 1033 648 narraverat.
1075 620 1214 660 neque
1254 612 1363 649 recte
1405 610 1656 652 Hultschius
1697 611 1794 652 mihi
1837 611 1999 652 videtur
2037 610 2218 651 iudicare
2257 610 2293 650 vi
2333 610 2563 662 gromatica

157 671 378 725 Polybium
412 673 543 715 verbo
569 676 879 728 προσαναλαβὼν
911 688 1036 717 11511111
1069 689 1178 725 esse,
1210 677 1281 728 qui
1315 677 1407 729 ipse
1437 690 1491 719 eo
1522 678 1631 728 loco,
1670 691 1796 731 quern
1837 678 2000 727 affert&
2043 677 2217 719 Balbum
2254 676 2353 726 (sub
2383 676 2562 718 Traiano

154 737 394 792 florentem)
426 741 604 794 primum
638 742 829 784 omnium
862 743 1052 797 trianguli
1094 743 1295 786 rationem
1335 744 1387 786 ad
1430 744 1642 787 militarem
1677 745 1963 789 Romanorum
2004 757 2129 787 usum
2162 743 2425 786 transtulisse
2455 743 2562 786 dicit.

156 819 267 859 quae
306 820 401 848 cum
444 809 495 849 ita
535 810 630 860 sint,
668 811 902 863 excerptori
941 811 1061 852 alicui
1102 811 1165 852 illa
1204 811 1330 853 verba
1369 813 1676 866 προςαναλαβὼν
1707 815 1727 854 ὁ
1758 813 1920 867 Μάρκος
1955 817 1998 854 τὸ
2028 820 2156 866 τεῖχος
2191 813 2287 852 καθ’
2318 814 2338 851 ὃ
2369 812 2485 866 μέρος
2515 813 2562 864 ἠν

156 878 428 928 ταπεινότερον
453 876 716 918 attribuenda
740 879 890 929 sunt;³)
917 878 1119 931 Polybius
1142 881 1280 919 autem
1307 880 1472 931 scripsit
1493 883 1916 935 προσανανεωσάμενος
1938 883 2007 933 τὴν
2029 888 2097 920 τοῦ
2118 882 2269 933 τείχους
2290 880 2561 931 ταπεινότητα.

360 943 559 985 Ceterum
593 943 739 998 Polybi
771 944 898 986 verba
927 946 980 987 ab
1015 946 1240 987 Hultschio
1272 958 1398 999 quarn
1433 947 1664 989 rectissime
1695 949 1882 990 restituta
1912 952 2020 990 sunt.

361 1010 456 1051 l·loc
504 1023 681 1064 quoque
730 1012 825 1053 loco
874 1012 978 1064 (Pol.
1009 1013 1092 1053 Vlll
1126 1014 1178 1054 37
1218 1014 1298 1054 Liv.
1330 1014 1445 1054 XXV
1475 1015 1540 1064 23,
1576 1016 1749 1065 ll-—24‚
1778 1016 1821 1066 6)
1863 1019 2056 1056 auctores
2106 1014 2283 1055 maxime
2325 1013 2564 1055 consentire

159 1076 293 1116 statim
326 1076 542 1118 videmus:
583 1090 696 1130 quos
739 1079 955 1120 nonnullis
996 1080 1100 1120 locis
1141 1080 1244 1121 inter
1284 1092 1330 1121 se
1361 1081 1601 1133 discrepare
1633 1081 1666 1122 si
1699 1081 1956 1123 Abrendtius
1988 1094 2025 1134 p.
2051 1083 2119 1122 30-
2163 1082 2215 1121 37
2247 1083 2402 1130 monet,
2433 1092 2486 1120 ne
2516 1092 2564 1121 ea

158 1143 328 1195 quidem
372 1156 413 1184 re
453 1146 657 1186 sententia
697 1146 788 1187 eius
828 1146 1109 1188 confirmatur.
1150 1148 1221 1200 qui
1262 1159 1409 1188 rursus
1450 1159 1591 1200 neque
1630 1148 1670 1189 id
1712 1149 1889 1201 respicit,
1929 1148 2046 1201 quod
2076 1160 2099 1188 a
2132 1148 2257 1197 Livio,
2296 1149 2339 1187 ut
2375 1150 2564 1188 accurate

158 1213 296 1260 vertat,
328 1212 530 1264 postulari
564 1225 649 1254 non
684 1216 836 1266 potest,
877 1226 1016 1267 neque
1056 1217 1360 1256 commemorat
1394 1215 1552 1256 Livium
1595 1214 1661 1257 hic
1691 1227 1870 1269 quoque
1909 1228 2035 1269 saepe
2074 1214 2251 1268 perspici
2292 1226 2378 1255 non
2420 1226 2564 1267 posse,

158 1278 277 1330 quod
311 1291 398 1320 non
433 1280 652 1321 Eumacho
682 1282 744 1321 vel
778 1282 839 1331 ali,
870 1294 997 1334 quem
1032 1285 1205 1322 secutus
1238 1294 1334 1322 esse
1365 1282 1523 1331 dicitur,
1562 1281 1648 1323 fieri
1681 1285 1823 1334 potest
1854 1286 1897 1323 ut
1928 1282 2179 1331 attribuatur,
2219 1281 2294 1322 sed
2327 1281 2405 1333 ipsi
2440 1281 2565 1329 Livio,

158 1346 360 1397 quoniam
394 1350 433 1387 et
466 1348 605 1389 leviter
635 1349 820 1389 vertebat
851 1352 889 1389 et
922 1349 1028 1389 male
1059 1349 1323 1401 intellegebat
1355 1349 1500 1402 Polybi
1527 1349 1665 1390 verba.
1696 1361 1994 1402 comparemus
2026 1349 2149 1401 igitur
2177 1350 2397 1389 auctorum
2429 1347 2563 1388 verba.

362 1413 502 1467 Atque
540 1414 822 1468 fragmentum
865 1416 950 1457 Pol.
976 1416 1060 1456 Vlll
1093 1417 1158 1466 37,
1192 1418 1205 1456 1
1252 1427 1347 1457 cum
1392 1416 1472 1457 Liv.
1499 1415 1613 1457 XXV
1644 1417 1709 1466 23,
1745 1418 1804 1466 ll,
1844 1415 1997 1457 deinde
2036 1414 2172 1468 Pol.§
2204 1417 2228 1455 2
2269 1417 2307 1456 et
2349 1414 2429 1455 Liv.
2455 1414 2481 1468 ξ
2517 1415 2564 1454 14

159 1481 400 1521 consentire
430 1485 608 1523 constat.

362 1547 445 1590 Sed
480 1548 564 1590 Pol.
597 1550 622 1602 ξ
648 1551 672 1590 3
706 1563 761 1591 ss.
794 1550 1035 1603 diligentius
1079 1547 1351 1602 explicemus.
1381 1550 1697 1592 accuratissime
1728 1551 1837 1591 enirn
1870 1549 2071 1603 Polybius
2103 1548 2309 1599 describit,
2340 1548 2565 1601 quomodo
2627 1595 2630 1598 ‚

159 1614 367 1655 exercitus
401 1615 633 1658 instructus
665 1620 703 1658 et
740 1617 979 1670 dispositus
1012 1619 1074 1668 sit,
1115 1621 1158 1658 ut
1196 1617 1248 1658 ad
1282 1629 1446 1658 murum
1487 1616 1808 1659 ascendendum
1842 1616 2096 1669 procederet,
2135 1618 2204 1669 τὴν
2235 1617 2275 1664 ἐξ
2304 1618 2430 1669 ἀρχῆς
2461 1616 2565 1664 τάξιν

159 1681 184 1734 ἓ
217 1682 250 1721 8.
283 1682 566 1723 admoventur
597 1684 719 1737 igitur
750 1684 953 1737 deinceps
984 1685 1035 1726 ad
1070 1696 1234 1725 murum
1266 1696 1289 1725 a
1322 1685 1521 1726 Marcello

366 1764 400 1805 l)
432 1763 504 1814 qui
538 1763 672 1803 scalas
714 1762 851 1804 ferunt
891 1764 974 1815 (die
1012 1763 1214 1804 Pionierel
1260 1767 1362 1811 (τοὺς
1401 1766 1549 1811 τούτοις
1589 1764 1910 1816 ὑπουργήσοντας
1949 1766 2014 1802 καὶ
2053 1763 2333 1814 προσοίσαντας
2372 1762 2566 1814 κλίμακας

159 1827 185 1879 ξ
217 1829 241 1866 4
275 1828 345 1875 ἰΠ.;
397 1830 632 1882 προπέμψας
675 1833 760 1877 τοὺς
804 1834 884 1884 ἅμα
926 1839 1007 1879 ταῖς
1051 1832 1205 1884 κλίμαξι
1249 1831 1274 1883 ἓ
1307 1833 1330 1871 5
1369 1832 1439 1881 in.;
1490 1832 1572 1870 ἐπεὶ
1616 1832 1657 1869 δὲ
1701 1831 1735 1869 οἱ
1778 1830 1960 1882 φέροντες
2002 1832 2068 1876 τὰς
2110 1830 2302 1882 κλίμακας
2346 1860 2564 1867 .....

160 1898 481 1947 προσερείσαντες
512 1897 538 1950 ξ
573 1900 623 1948 7).
656 1898 813 1950 quibus
846 1899 1056 1950 praesidio
1089 1902 1151 1939 est
1185 1900 1426 1951 manipulus
1458 1911 1555 1939 cum
1588 1898 1679 1939 eius
1712 1897 1821 1938 duce
1852 1898 2015 1949 (σημαία
2047 1899 2111 1935 καὶ
2142 1897 2346 1948 χιλίαρχος
2377 1896 2400 1947 ξ
2433 1896 2482 1947 5).

361 1977 402 2015 2)
433 1976 503 2027 qui
547 1988 712 2016 murum
752 1977 982 2018 ascendere
1022 1978 1124 2018 iussi
1176 1981 1273 2018 sunt
1320 1977 1404 2027 (die
1444 1976 1788 2025 Sturmkolonne)
1836 1976 1930 2026 (τοῖς
1978 1977 2045 2028 μὲν
2093 1975 2322 2026 ἐπιτηδείοις
2369 1977 2464 2025 πρὸς
2502 1977 2566 2014 τὀν

163 2042 347 2093 ἀνάβασιν
391 2058 452 2081 κα
447 2075 631 2082 .....
702 2052 896 2095 πρῶτον
945 2060 982 2083 7..
976 2045 1120 2084 ’νουνοκ
1169 2046 1252 2084 ἐκοι
1255 2045 1454 2097 νοὶοζειτο
1498 2043 1524 2096 ξ
1555 2045 1600 2093 3;
1651 2045 1786 2095 ἤγειρε
1828 2045 1915 2089 τοὺς
1957 2042 2181 2094 πρώτους
2223 2040 2303 2094 §4
2346 2040 2431 2090 fin.;
2481 2044 2568 2087 τοὺς

160 2110 386 2158 πρ(ι’1το’1;
429 2112 467 2148 ἐν
512 2112 742 2163 διαστήματι
785 2126 887 2150 κατα
931 2113 1101 2164 σημαίαν
1144 2113 1331 2159 ἐξαποοτε
1321 2112 1419 2150 'Det
1456 2111 1482 2163 ξ
1515 2113 1538 2150 5
1576 2077 1743 2158 1111.;οῐ
1785 2112 1881 2160 προς
1924 2111 1993 2160 τὴν
2038 2109 2221 2160 ἀνάβασιν
2266 2108 2569 2160 ἀποτεταγμένοι

160 2174 185 2227 ξ
219 2177 242 2215 7
273 2175 369 2227 fin..)
402 2177 570 2218 fuerunt
602 2178 653 2218 ad
687 2178 793 2218 mille
826 2178 974 2219 milites
1007 2179 1075 2229 (εἰς
1106 2194 1146 2231 χι
1150 2179 1204 2218 λῖν
1194 2194 1254 2226 υς
1286 2178 1310 2231 ξ
1341 2179 1401 2227 614
1374 2185 1429 2227 i),
1469 2177 1539 2230 qui
1573 2178 1625 2218 ita
1657 2176 1774 2217 missi
1808 2178 1917 2226 sunt,
1957 2178 1999 2215 ut
2040 2175 2278 2226 manipulus
2311 2174 2567 2227 manipulum

162 2247 416 2296 sequeretur

362 2325 402 2373 3)
435 2325 643 2365 exercitus
677 2325 768 2377 ipse
802 2325 895 2376 (das
923 2324 1056 2377 Oros)
1087 2333 1232 2373 (πᾶσαν
1258 2327 1328 2377 τὴν
1355 2326 1513 2379 δύναμιν
1539 2325 1737 2377 ἐξεγείρας
1762 2324 1786 2375 ξ
1812 2325 1856 2371 5;
1887 2325 1984 2375 μετὰ
2014 2328 2082 2373 τῆς
2108 2322 2230 2374 ἄλλης
2262 2329 2442 2373 στρατιᾶς
2467 2321 2492 2374 ξ
2519 2323 2570 2371 ὁ),

160 2392 230 2442 qui
263 2404 285 2431 a
319 2392 517 2433 Marcello
550 2392 874 2445 expergefactus
906 2393 1097 2445 procedit
1130 2393 1257 2444 paulo
1290 2395 1389 2444 post
1421 2392 1529 2432 mille
1561 2391 1654 2432 illos
1681 2391 1840 2431 milites.
1873 2390 1943 2441 qui
1977 2401 2072 2430 cum
2106 2400 2269 2429 murum
2295 2388 2571 2437 ascenderint,

161 2458 280 2507 ordo,
312 2472 439 2541 quem
474 2472 601 2512 supra
634 2460 952 2512 descripsimus,
984 2460 1232 2501 dissolvitur
1264 2459 1506 2512 singulique
1537 2470 1691 2500 omnes
1722 2469 1848 2510 quam
1881 2455 2091 2497 celerrime
2121 2458 2380 2508 procurrunt.

368 2571 389 2611 ¹)
417 2541 504 2603 haec
528 2541 635 2604 verba
662 2571 782 2604 nescio
816 2581 859 2604 an
886 2571 931 2605 ab
957 2573 1164 2613 excerptore
1190 2570 1219 2603 Τ
1243 2570 1449 2604 transeundi
1483 2578 1591 2603 causa
1624 2567 1761 2601 adiecta
1794 2567 1874 2607 sint,
1908 2566 2058 2600 tortasse
2092 2575 2135 2599 ex
2170 2565 2285 2608 priore
2321 2564 2443 2609 Polybi
2478 2566 2568 2607 loco,

161 2625 203 2656 ad
231 2635 337 2666 quem
375 2625 443 2658 Livi
472 2626 493 2668 ξ
519 2627 540 2658 8
565 2636 634 2659 vox
673 2626 868 2667 ,‚subinde“
904 2627 1063 2668 pertinet
1100 2626 1316 2659 conterenda
1351 2628 1433 2658 sunt
1469 2624 1642 2657 Plutarchi
1676 2623 1733 2656 vit.
1760 2622 1916 2655 Marcelli
1951 2622 2057 2654 verba
2082 2630 2109 2653 c.
2136 2621 2247 2653 XVlll
2275 2620 2330 2653 lin.
2363 2622 2426 2663 ΠΛ,
2454 2624 2571 2661 ἑορτὴν

161 2684 328 2722 Ἀρτέμιδι
362 2686 437 2722 τοὺς
473 2686 603 2723 Συρακο
590 2688 695 2722 culm
730 2687 873 2725 ἄγοντας
904 2688 961 2716 καὶ
995 2687 1075 2725 πρὸς
1111 2687 1199 2716 οἶνον
1235 2686 1451 2724 ὡρμημένους
1473 2686 1542 2714 -καί
1576 2683 1708 2713 παιδιὰν
1734 2681 1987 2721 παραφυλάξας.
2021 2676 2172 2711 tortasse
2204 2676 2248 2710 ita
2274 2676 2375 2710 scribi
2401 2686 2493 2719 Opus
2519 2679 2572 2710 est

161 2736 288 2770 collato
317 2736 431 2770 Livio:
468 2741 539 2770 ε’πιτ
557 2741 708 2780 ,p·i,32v2
683 2759 783 2778 .....
775 2741 958 2780 Ρωμαῖοι
983 2742 1099 2780 καιρὸν
1128 2739 1278 2781 [ἡσυχίαν
1304 2737 1421 2780 εἰχον]·
1457 2740 1541 2778 μετὰ
1574 2739 1610 2768 δε
1645 2746 1733 2775 τινας
1766 2737 1893 2776 ἡμέρας
1927 2736 2115 2774 αὐτομόλου
2149 2735 2415 2774 οιασαφήσαντος
2442 2734 2504 2765 etc.
2530 2731 2570 2765 cf.

162 2793 287 2826 Zonar.
314 2795 346 2834 9,
371 2796 402 2833 5,
427 2795 447 2827 3
482 2807 529 2836 τη
544 2799 620 2836 ρήο
633 2808 680 2834 ας
716 2797 771 2827 οὖν
805 2799 835 2833 (ὁ
862 2798 977 2836 Μάρκε
983 2799 1077 2834 λλος)
1107 2798 1181 2834 τοὺς
1209 2798 1431 2835 Συρακοσίους
1457 2796 1640 2835 παννυχίδα
1666 2797 1703 2833 τῇ
1731 2794 1897 2832 Ἀρτέμιδι
1923 2793 2066 2832 ἄγοντας
2091 2793 2263 2831 πανδημεί.
2290 2808 2324 2812 —-
2356 2789 2461 2822 verba
2486 2788 2570 2830 „sed

160 2859 237 2882 cum
266 2849 351 2883 adiri
379 2850 489 2889 locus,
516 2850 600 2893 quia
625 2850 673 2883 ob
699 2850 731 2883 id
760 2850 873 2892 ipsum
901 2851 1136 2884 intentius
1162 2849 1439 2890 custodiebatur,
1473 2858 1545 2881 non
1571 2847 1716 2890 posset“
1753 2845 1823 2879 Livi
1848 2845 1959 2888 ipsius
1985 2847 2075 2878 sunt.
2103 2854 2183 2877 narn
2213 2843 2430 2884 Plutarchus,
2464 2853 2571 2886 quern

161 2905 276 2948 ipsum
321 2916 468 2948 quoque
513 2906 699 2950 Polybium
744 2907 844 2950 sequi
888 2907 975 2940 intra
1017 2906 1287 2946 demonstrabo,
1325 2915 1352 2938 c.
1382 2906 1421 2938 18
1446 2915 1475 2937 ν.
1506 2905 1543 2936 12
1564 2913 1590 2936 5.
1617 2902 1695 2936 dicit
1734 2907 1857 2944 πύργον
1883 2906 1954 2935 τινὰ
1978 2904 2215 2942 κατεσκέψατο
2241 2903 2488 2942 φυλαττόμενον
2514 2904 2572 2941 μὲν

161 2965 347 3002 ἀμελῶς.
375 2972 492 3006 neque
518 2962 551 2996 id
579 2972 696 3006 neque
723 2962 805 2996 illud
831 2963 925 3006 apud
956 2961 1077 3006 Polyb.
1104 2961 1299 3004 legebatur,
1324 2960 1365 2993 ct.
1393 2960 1496 2993 huius
1522 2959 1606 2992 diss.
1634 2960 1719 3001 part.
1745 2958 1899 2991 alteram.

363 3021 389 3060 ²)
417 3019 558 3051 Metrol.
585 3020 701 3061 script.
729 3019 783 3051 ed.
813 3019 974 3051 Hultsch.
998 3018 1024 3050 ll
1053 3028 1084 3059 p.
1110 3019 1141 3050 9.

363 3076 391 3117 ³)
417 3074 570 3109 eandem
605 3074 819 3109 sententiam
857 3072 1274 3108 Buettnerus·Wobstius
1308 3081 1526 3115 quamquam
1562 3070 1676 3105 torma
1709 3069 1900 3104 litterarum
1935 3068 2122 3114 significat,
2156 3068 2212 3102 illa
2245 3067 2351 3102 verba
2385 3067 2505 3111 recipit
2539 3068 2571 3102 in

160 3131 349 3163 verborum
377 3133 584 3164 contextum
612 3130 776 3174 neglecto
802 3130 922 3164 Suida.

364 3190 391 3229 ⁴)
416 3192 614 3228 γενομένων.
642 3187 740 3229 quod
769 3186 977 3220 Dindorfius
1002 3186 1162 3226 coniecit,
1189 3185 1303 3228 magis
1323 3185 1436 3227 placet
1462 3194 1568 3226 quam
1595 3187 1785 3225 ᾐνωμὲνων,
1811 3182 1907 3225 quod
1928 3192 2046 3225 neque
2070 3184 2174 3216 antea
2194 3191 2310 3224 neque
2335 3180 2429 3223 apud
2452 3179 2572 3223 Polyb.

161 3242 345 3276 invenitur.
371 3243 526 3276 absurde
552 3245 672 3276 autem
698 3252 754 3276 res
780 3242 895 3286 agitur
919 3242 964 3276 ab
990 3241 1188 3275 Abrendtio
1215 3241 1224 3274 l
1253 3251 1286 3284 p.
1311 3241 1365 3283 25,
1390 3239 1450 3283 qui
1476 3249 1520 3272 ne
1546 3241 1716 3282 apparatu
1742 3238 1887 3281 quidem
1913 3237 2032 3271 critico
2058 3239 2149 3271 recte
2175 3236 2289 3269 utitur.
