2789 3532
1319 74 1395 116 X'V
1465 133 1483 134 W

361 213 487 255 Nunc·
516 214 779 253 transeamus
808 209 863 251 ad
895 209 1065 250 Livium.
1090 209 1167 262 qui
1199 208 1226 263 ξ
1260 210 1321 259 15,
1349 220 1607 262 quamquam
1648 219 1810 261 paucos
1839 207 1975 249 tuisse
2002 207 2197 250 tribunos
2237 209 2406 251 militum
2443 209 2553 260 dicit,

162 282 418 336 quibuscum
449 282 570 321 antea
599 278 855 320 conlocutus
886 280 1000 318 esset
1031 275 1300 326 Marcellus‚¹)
1338 278 1475 317 tamen
1516 275 1599 317 hoe
1638 276 1733 327 ipso
1773 275 1869 316 loco
1908 275 1961 315 ad
2001 275 2173 316 verbum
2216 278 2425 318 consentit
2454 287 2551 319 cum

164 348 351 402 Poffbio.
384 345 434 388 cf.
464 346 750 398 ἐκοινολογεῖτο
799 346 837 384 et
887 343 1204 393 „conlocutus“;
1267 350 1346 390 τοῖς
1387 343 1619 395 ἐπιτηδείοις
1659 345 1756 394 πρὸς
1793 374 1800 381 .
1840 374 1847 381 .
1887 374 1894 381 .
1946 345 2012 382 τὸν
2062 343 2363 394 ἐπιφανέστατον
2401 376 2407 383 .

163 416 338 456 κίνδυνον
381 417 419 454 et
461 413 537 462 „ad
580 422 665 452 rem
709 413 862 451 tantam
895 439 1059 452 .....
1099 409 1307 459 idoneis“;
1348 410 1551 463 κλιμάκων
1582 410 1839 449 συντεθεισῶν
1882 412 1920 449 et
1950 409 2097 458 „scalis
2127 410 2408 462 comparatis“.
2452 423 2554 452 sane

164 481 311 522 mirum
352 483 414 522 est
454 478 674 532 Polybium
715 476 957 518 Marcellum
997 476 1309 529 colloquentem
1347 476 1501 518 iecisse
1539 487 1634 516 cum
1676 475 1783 516 mille
1813 475 1889 517 illis
1921 474 2120 516 militibus
2151 476 2371 517 omnibus:
2416 490 2554 530 neque

163 559 262 589 vero
293 548 627 588 consentaneum
666 546 731 585 est
769 554 864 584 eum
897 543 1023 585 verba
1058 543 1111 585 ita
1141 543 1376 596 scripsisse,
1406 546 1451 584 ut
1482 555 1596 584 nunc
1625 543 1816 595 legimus,
1856 553 1995 594 neque
2033 542 2153 582 etiam
2188 542 2434 585 Hultschius
2465 557 2551 586 non

163 613 341 656 ottendit
372 613 437 655 his
468 612 508 653 in
540 609 691 659 verbis,
721 621 831 663 quae
860 610 928 651 vix
960 610 1013 652 ita
1042 610 1346 664 composuisse
1377 610 1517 662 ipsum
1550 609 1769 664 Polybium
1801 608 2019 651 adnotat.²›

365 693 444 734 lam
475 702 576 732 vero
606 689 720 743 apud
755 690 911 731 Livium
944 701 1120 743 quoque
1150 690 1358 731 exercitus
1389 689 1585 730 dividitur
1615 689 1653 729 in
1686 691 1769 730 tres
1800 691 1959 741 partes:

368 772 404 823 l)
434 769 567 823 „signi
599 769 725 810 unius
758 769 905 810 milites
935 768 1040 810 ferre
1071 769 1205 810 scalas
1236 768 1381 810 iussit“
1411 768 1437 822 ξ
1472 769 1532 809 16.

362 851 404 900 2)
434 848 508 899 „ad
541 848 648 889 mille
677 847 762 889 fere
790 848 956 889 armati“
986 847 1012 901 ξ
1046 848 1107 889 16.
1137 847 1187 888 cf.
1217 847 1348 897 „mille
1377 849 1651 888 armatorum“
1682 859 1714 888 c.
1739 849 1802 897 24,
1832 849 1863 887 1.

364 929 404 977 3)
433 929 617 977 „ceterae
645 926 841 968 admotae
873 925 987 979 [sunt
1018 925 1204 979 copiae]“
1234 938 1267 967 c.
1291 927 1356 975 24,
1386 927 1416 966 l.

166 997 241 1038 sed
284 1008 335 1036 ex
379 993 594 1046 manipulo
636 994 828 1047 (σημαία),
876 993 947 1046 qui
991 992 1201 1045 praesidio
1243 995 1306 1034 est
1348 993 1420 1042 eis,
1470 992 1540 1045 qui
1585 992 1717 1033 scalas
1758 992 1906 1042 ferunt,
1955 993 2069 1045 apud
2114 993 2272 1034 Livium
2316 995 2553 1047 manipulus

164 1063 367 1115 (signum)
396 1060 452 1110 fit,
492 1060 563 1113 qui
605 1060 696 1112 ipse
727 1060 860 1101 scalas
891 1060 1072 1112 portat.³)
1110 1059 1229 1112 quod
1269 1059 1456 1112 ineptum
1491 1059 1661 1111 Livique
1700 1059 1987 1112 neglegentiae
2026 1059 2295 1100 tribuendum
2335 1065 2415 1102 est:
2459 1074 2552 1103 nam

166 1141 253 1171 eam
286 1128 338 1169 ad
370 1139 454 1169 rem
487 1139 573 1168 non
609 1127 681 1168 luit
712 1139 825 1180 opus
856 1130 948 1169 toto
980 1128 1206 1180 manipulo.

365 1206 516 1259 Neque
554 1210 662 1247 recte
700 1205 852 1248 iudicat
888 1205 1143 1248 Ahrendtius
1175 1218 1213 1259 p.
1244 1207 1308 1257 37,
1338 1208 1374 1247 8.
1404 1207 1440 1247 9.
1472 1217 1566 1247 nam
1598 1208 1637 1247 et
1669 1204 1869 1258 Polybius
1901 1208 1939 1246 et
1973 1205 2111 1247 Livius
2144 1209 2286 1256 narrat,
2328 1211 2552 1260 postquam

166 1274 364 1324 secunda,
402 1285 528 1326 quarn
570 1285 698 1326 supra
735 1273 933 1324 diximus,
974 1285 1070 1326 pars
1110 1273 1317 1314 exercitus
1356 1272 1548 1323 „ordine“
1587 1284 1752 1313 murum
1791 1273 2035 1323 ascenderit,
2078 1273 2233 1314 molem
2272 1275 2476 1316 exercitus
2516 1276 2552 1316 vi

165 1344 282 1387 (κατὰ
313 1342 486 1394 δύναμιν)
515 1352 563 1381 ac
594 1340 755 1381 turbate
785 1340 905 1393 sequi
937 1340 1154 1392 coepisse;
1185 1340 1263 1381 nisi
1294 1340 1413 1392 quod
1439 1352 1529 1381 eam
1557 1340 1682 1393 signo
1708 1340 1878 1380 demum
1904 1343 2024 1381 antea
2047 1352 2071 1380 a
2096 1340 2239 1391 primis
2271 1340 2553 1382 Romanorum

167 1407 364 1450 militibus
396 1406 496 1449 tuba
526 1406 626 1448 dato
657 1407 925 1460 processisse
956 1407 1095 1449 Livius
1125 1406 1291 1458 tradit.⁴)
1329 1406 1449 1460 quod
1480 1419 1606 1460 quam
1639 1407 1749 1459 parvi
1792 1407 1991 1448 momenti
2033 1407 2097 1457 sit,
2137 1419 2188 1448 eo
2219 1412 2396 1460 apparet,
2435 1409 2553 1461 quod

169 1476 306 1517 Livius
349 1474 375 1528 ξ
406 1476 431 1515 2
473 1474 611 1516 verbis
653 1486 765 1527 „quo
809 1486 881 1527 per
923 1474 1133 1527 ingentem
1178 1474 1447 1516 solitudinem
1491 1477 1573 1515 erat
1615 1477 1873 1527 perventum,
1913 1474 2010 1526 quia
2041 1507 2203 1515 .....
2247 1474 2555 1517 interfecerunt“

166 1542 422 1594 interpositis
462 1541 571 1582 idem
612 1541 737 1582 tubae
776 1543 945 1594 signum
987 1542 1132 1583 iterum
1173 1545 1487 1591 commemorat,
1527 1544 1571 1582 ut
1601 1544 1687 1582 tota
1726 1541 1828 1582 haec
1868 1543 2044 1582 narratio
2077 1542 2177 1582 satis
2209 1542 2387 1583 obscura
2417 1543 2486 1583 fiat
2517 1549 2555 1583 et

166 1609 405 1651 difficillima
435 1608 652 1650 intellectu.

368 1687 563 1740 Denique
592 1687 705 1728 brevi
738 1686 836 1728 mihi
868 1687 983 1729 liceat
1015 1699 1258 1740 comparare
1288 1686 1374 1729 Pol.
1403 1687 1455 1740 ἐξ
1485 1688 1615 1729 9-11
1653 1689 1692 1728 et
1724 1687 1805 1728 Liv.
1836 1687 1860 1740 ξ
1890 1687 1962 1737 2:¹⁵)

365 1754 491 1807 Apud
552 1754 771 1808 Polybium
831 1755 939 1796 enim
1001 1754 1175 1797 Romani
1233 1757 1368 1796 totum
1420 1766 1586 1796 murum
1637 1766 1777 1807 usque
1827 1754 1879 1795 ad
1932 1754 2198 1807 Hexapylum
2238 1767 2261 1795 a
2301 1756 2555 1798 custodibus

166 1822 413 1873 desertum⁶)
454 1822 682 1872 inveniunt,
730 1822 889 1875 quippe
936 1822 1007 1875 qui
1056 1833 1208 1863 omnes
1257 1822 1297 1862 in
1346 1821 1530 1863 turribus
1578 1821 1631 1862 ad
1679 1833 1843 1862 murum
1892 1821 2155 1872 adstructis⁷)
2202 1822 2261 1863 vel
2304 1826 2451 1875 potent
2491 1824 2555 1865 vel

166 1890 392 1939 dormiant;
424 1890 476 1930 ita
505 1889 562 1939 fit,
593 1892 637 1930 ut
663 1889 862 1941 deinceps
894 1901 971 1930 eos
1003 1889 1163 1940 milites,
1194 1890 1265 1942 qui
1298 1890 1338 1930 in
1365 1889 1543 1942 singulis
1575 1888 1758 1930 turribus
1784 1889 2055 1941 neglegenter
2083 1889 2271 1942 agebant,
2301 1891 2555 1931 custodibus

166 1956 450 2008 proximarum
493 1956 663 1997 turrium
713 1955 810 1996 nihil
863 1956 1141 1997 sentientibus
1185 1962 1396 2008 superent,
1443 1956 1647 2008 plurimos
1691 1955 1944 2006 interficiant,
1992 1959 2154 1997 ceteros
2201 1956 2375 2008 capiant.
2418 1969 2557 2009 neque

166 2023 391 2075 quisquam
424 2022 580 2076 effugit.

365 2101 491 2142 Nunc
520 2101 645 2142 venio
675 2101 727 2142 ad
761 2101 931 2142 Livium.
961 2102 1032 2154 qui
1065 2101 1167 2154 quid
1199 2101 1335 2143 dicere
1365 2101 1471 2151 velit,
1510 2104 1554 2142 ut
1585 2101 1762 2153 intellegi
1794 2100 1964 2153 quidem
1996 2101 2145 2154 possit,
2182 2100 2421 2151 Luchsius⁸)
2451 2113 2558 2143 voce

166 2168 440 2219 „custodum“
471 2172 570 2221 post
599 2178 775 2221 „magna
805 2171 924 2220 pars“
963 2169 1109 2210 iniecta
1148 2170 1251 2210 inter
1290 2181 1337 2210 se
1376 2169 1539 2221 opponi
1571 2168 1777 2209 existimat
1808 2168 1933 2209 verba
1973 2181 2147 2221 „magna
2177 2180 2271 2220 pars
2303 2169 2557 2209 custodum“

167 2238 205 2276 et
235 2247 423 2288 „paucos
454 2238 636 2278 eorum.“
672 2247 781 2289 quae
812 2236 845 2277 si
877 2238 985 2278 recta
1015 2239 1171 2287 essent,
1204 2236 1342 2278 Livius
1374 2235 1427 2278 de
1459 2235 1677 2290 Hexapyli,
1716 2247 1803 2277 non
1836 2235 1889 2277 de
1920 2235 2147 2278 muralibus
2177 2235 2357 2291 turribus
2389 2236 2557 2278 locutus

167 2305 280 2344 esset
310 2327 362 2330 fl
394 2315 487 2344 nam
521 2304 554 2345 si
586 2302 792 2345 custodes
823 2303 863 2348 in
895 2303 1079 2345 turribus
1109 2303 1290 2345 fuissent
1313 2303 1367 2344 ad
1393 2314 1559 2344 murum
1590 2302 1826 2354 adstructis,
1857 2314 1998 2356 neque
2024 2302 2195 2346 Romani
2226 2315 2322 2356 „per
2347 2303 2556 2357 ingentem

167 2370 460 2411 solitudinem“
490 2371 543 2412 ad
572 2371 824 2424 Hexapylon
851 2372 1152 2423 pervenissent,
1179 2383 1318 2423 neque
1342 2371 1463 2423 quod
1487 2371 1677 2412 additum
1704 2374 1767 2412 est
1794 2383 1980 2422 „paucos
2006 2374 2140 2412 tamen
2166 2383 2311 2411 eorum
2339 2371 2557 2422 inproviso

371 2503 393 2544 ¹)
418 2502 587 2537 Ahrendt.
613 2514 646 2547 p.
671 2504 725 2546 36,
753 2505 779 2537 1.
805 2505 835 2538 3.

367 2558 393 2601 ²)
422 2557 475 2591 De
508 2558 612 2592 simili
645 2559 825 2603 colloquio
858 2569 937 2593 cum
971 2560 1119 2594 tribunis
1152 2560 1300 2594 militum
1334 2560 1468 2601 habito,
1502 2561 1599 2603 quod
1633 2559 1763 2594 iactum
1798 2570 1878 2594 esse
1912 2561 1969 2594 vix
1994 2560 2157 2594 credibile
2183 2562 2247 2601 est,
2280 2560 2392 2603 agitur
2417 2571 2435 2594 a
2463 2560 2557 2593 Livio

167 2613 263 2646 XXV
293 2614 342 2655 14,
366 2613 396 2646 2.
422 2613 463 2647 ci.
490 2614 596 2648 etiam
621 2614 735 2649 XXIV
759 2615 814 2658 46,
838 2616 869 2649 2.

367 2670 395 2711 ³)
420 2669 589 2704 Ahrendt.
610 2682 642 2713 p.
662 2672 715 2713 36,
735 2673 766 2712 5,
786 2672 846 2714 qui
865 2672 962 2714 quod
982 2672 1067 2705 illud
1092 2673 1211 2714 „tenui
1230 2672 1394 2714 agmine“
1415 2683 1435 2705 a
1456 2672 1552 2706 Livio
1574 2673 1594 2714 ξ
1618 2674 1659 2705 16
1678 2683 1742 2715 pro
1763 2672 1886 2714 Polybi
1904 2673 2020 2705 verbis
2041 2677 2073 2705 ἐν
2094 2677 2288 2713 διαστήματι
2307 2677 2395 2704 κατὰ
2415 2678 2556 2713 σημαίαν

167 2724 332 2768 scripturn
359 2724 392 2758 in
418 2734 522 2760 suum
547 2735 652 2760 usum
678 2736 750 2761 non
775 2727 986 2762 converterit
1010 2727 1126 2763 miror.

366 2782 393 2824 ⁴)
419 2781 517 2823 quod
542 2782 684 2825 signum
709 2783 784 2817 fieri
810 2793 882 2816 non
907 2785 1027 2826 potest
1051 2784 1136 2827 quin
1164 2783 1331 2827 Polybius
1357 2784 1433 2827 ipse
1458 2784 1647 2818 narraverit
1680 2785 1731 2817 eis
1757 2784 1791 2817 in
1816 2784 1943 2824 verbis,
1977 2795 2068 2827 quae
2093 2784 2200 2817 finem
2227 2783 2411 2825 fragmenti
2437 2786 2557 2816 secuta

167 2838 247 2868 sunt
273 2837 371 2879 (post
394 2841 466 2870 τινὰ
489 2840 609 2870 πυλίδα
633 2841 758 2872 διεῖλον
785 2839 806 2882 ξ
836 2840 886 2881 ll,
917 2849 999 2873 nam
1032 2839 1100 2873 alia
1133 2849 1225 2882 quae
1251 2841 1390 2873 exstant
1414 2842 1454 2872 δι’
1479 2842 1519 2882 ἧς
1543 2843 1599 2873 τὸν
1625 2852 1660 2873 τε
1686 2843 1871 2882 στρατηγὸν
1897 2845 1954 2873 καὶ
1979 2843 2015 2873 τὸ
2042 2843 2156 2872 λοιπον
2182 2842 2333 2878 ἐδέξαντο
2360 2842 2555 2879 στράτευμα.

168 2894 252 2924 οὕτω
278 2895 318 2933 δὴ
343 2897 402 2933 τὰς
428 2896 642 2935 Συρακούσας
667 2898 760 2928 εἶλον
785 2898 935 2936 Ρωμαῖοι
960 2895 1005 2929 ab
1029 2897 1235 2938 excerptore
1260 2895 1289 2928 T
1313 2897 1489 2929 contracta
1513 2897 1606 2938 sunt,
1631 2895 1672 2932 cf.
1700 2896 1860 2929 Hultsch.
1885 2896 1928 2928 ad
1954 2907 1983 2929 v.
2007 2896 2143 2929 19—21.

368 2949 394 2992 ⁵)
420 2947 460 2982 cf.
487 2948 656 2984 Ahrendt.
682 2960 714 2994 p.
740 2950 793 2992 37,
821 2951 871 2985 10.

367 3005 394 3045 ⁶)
420 3008 536 3045 ἐφοδία
561 3007 596 3037 et
620 3005 676 3038 hic
699 3008 733 3038 et
758 3006 838 3039 loco
863 3006 1055 3048 simillime,
1079 3007 1138 3040 ubi
1158 3007 1203 3040 de
1229 3008 1495 3050 expugnatione
1515 3007 1739 3050 Carthaginis
1759 3008 1883 3040 Novae
1908 3007 2023 3049 agitur
2046 3006 2136 3048 (Pol.
2157 3005 2185 3037 X
2209 3007 2257 3046 15,
2280 3007 2291 3036 l
2317 3009 2557 3046 ἐπεπορεύοντο

168 3057 263 3101 (sic!)
289 3063 379 3091 κατὰ
403 3062 462 3101 τήν
488 3064 649 3102 ἑφοδιαν),
674 3061 850 3104 significat
873 3061 988 3104 ipsam
1014 3062 1105 3096 viam
1131 3063 1302 3096 muralem
1327 3063 1558 3106 (Wallgang),
1583 3073 1689 3105 quam
1715 3064 1783 3096 vim
1810 3063 1891 3096 alibi
1916 3072 1987 3095 non
2014 3062 2127 3095 habet„

367 3114 392 3156 Ἰ)
417 3113 459 3148 cf.
486 3114 616 3159 Lupus,
642 3115 709 3150 Die
734 3115 834 3150 Stadt
857 3115 1008 3161 Syrakus
1033 3117 1080 3150 im
1106 3116 1290 3161 Altertum,
1314 3127 1347 3161 p.
1373 3118 1425 3152 52.

367 3170 393 3212 ⁸)
419 3171 560 3204 emend.
586 3171 654 3204 Liv.
676 3172 721 3204 ΙΙΙ
746 3173 791 3205 20
814 3182 866 3214 sq.
