<?xml version="1.0" encoding="UTF-8"?>
<!DOCTYPE html PUBLIC "-//W3C//DTD XHTML 1.0 Transitional//EN"
    "http://www.w3.org/TR/xhtml1/DTD/xhtml1-transitional.dtd">
<html xmlns="http://www.w3.org/1999/xhtml" xml:lang="en" lang="en">
 <head>
  <title>
</title>
<meta http-equiv="Content-Type" content="text/html;charset=utf-8" />
  <meta name='ocr-system' content='tesseract 3.04.00' />
  <meta name='ocr-capabilities' content='ocr_page ocr_carea ocr_par ocr_line ocrx_word'/>
</head>
<body>
  <div class='ocr_page' id='page_1' title='image "4764215_0015.png"; bbox 0 0 2789 3532; ppageno 0'>
   <div class='ocr_carea' id='block_1_1' title="bbox 1309 76 1362 126">
    <p class='ocr_par' dir='ltr' id='par_1_1' title="bbox 1309 76 1362 126">
     <span class='ocr_line' id='line_1_1' title="bbox 1309 76 1362 126; baseline 0 0"><span class='ocrx_word' id='word_1_1' title='bbox 1309 76 1362 126; x_wconf 86' lang='grc' dir='ltr'>ΙΧ</span> 
     </span>
    </p>
   </div>
   <div class='ocr_carea' id='block_1_2' title="bbox 138 212 2531 1207">
    <p class='ocr_par' dir='ltr' id='par_1_2' title="bbox 138 212 2530 339">
     <span class='ocr_line' id='line_1_2' title="bbox 139 212 2530 274; baseline -0 -13"><span class='ocrx_word' id='word_1_2' title='bbox 139 231 236 274; x_wconf 90' lang='lat' dir='ltr'>pars</span> <span class='ocrx_word' id='word_1_3' title='bbox 277 220 486 260; x_wconf 76' lang='lat' dir='ltr'>extremae</span> <span class='ocrx_word' id='word_1_4' title='bbox 532 227 630 259; x_wconf 87' lang='lat' dir='ltr'>orae</span> <span class='ocrx_word' id='word_1_5' title='bbox 679 215 859 270; x_wconf 81' lang='lat' dir='ltr'>rupibus</span> <span class='ocrx_word' id='word_1_6' title='bbox 908 217 1000 258; x_wconf 91' lang='lat' dir='ltr'>altis</span> <span class='ocrx_word' id='word_1_7' title='bbox 1050 217 1248 269; x_wconf 87' lang='lat' dir='ltr'>imposita</span> <span class='ocrx_word' id='word_1_8' title='bbox 1296 221 1390 258; x_wconf 89' lang='lat' dir='ltr'>erat.</span> <span class='ocrx_word' id='word_1_9' title='bbox 1437 217 1550 258; x_wconf 88' lang='lat' dir='ltr'>illum</span> <span class='ocrx_word' id='word_1_10' title='bbox 1600 222 1738 258; x_wconf 87' lang='lat' dir='ltr'>autem</span> <span class='ocrx_word' id='word_1_11' title='bbox 1792 218 1896 258; x_wconf 90' lang='lat' dir='ltr'>muri</span> <span class='ocrx_word' id='word_1_12' title='bbox 1948 217 2087 259; x_wconf 90' lang='lat' dir='ltr'>locum</span> <span class='ocrx_word' id='word_1_13' title='bbox 2137 218 2339 271; x_wconf 83' lang='lat' dir='ltr'>Polybius</span> <span class='ocrx_word' id='word_1_14' title='bbox 2390 212 2530 260; x_wconf 81' lang='lat' dir='ltr'>verbis</span> 
     </span>
     <span class='ocr_line' id='line_1_3' title="bbox 138 283 2330 339; baseline -0.002 -10"><span class='ocrx_word' id='word_1_15' title='bbox 138 288 286 339; x_wconf 71' lang='grc' dir='ltr'><strong>καθ’ἥν</strong></span> <span class='ocrx_word' id='word_1_16' title='bbox 321 287 384 326; x_wconf 86' lang='grc' dir='ltr'>ἐπ’</span> <span class='ocrx_word' id='word_1_17' title='bbox 413 288 533 339; x_wconf 82' lang='grc' dir='ltr'><strong>αὐτῆς</strong></span> <span class='ocrx_word' id='word_1_18' title='bbox 561 293 686 327; x_wconf 81' lang='grc' dir='ltr'><strong>κεῖται</strong></span> <span class='ocrx_word' id='word_1_19' title='bbox 714 291 785 337; x_wconf 82' lang='grc' dir='ltr'>τῆς</span> <span class='ocrx_word' id='word_1_20' title='bbox 814 285 1005 337; x_wconf 75' lang='grc' dir='ltr'>κρηπῖδος</span> <span class='ocrx_word' id='word_1_21' title='bbox 1033 287 1078 325; x_wconf 84' lang='grc' dir='ltr'>τὸ</span> <span class='ocrx_word' id='word_1_22' title='bbox 1106 290 1235 337; x_wconf 78' lang='grc' dir='ltr'><strong>τεῖχος</strong></span> <span class='ocrx_word' id='word_1_23' title='bbox 1264 287 1373 337; x_wconf 81' lang='grc' dir='ltr'><em>παρὰ</em></span> <span class='ocrx_word' id='word_1_24' title='bbox 1401 284 1604 326; x_wconf 72' lang='grc' dir='ltr'>θάλατταν</span> <span class='ocrx_word' id='word_1_25' title='bbox 1633 284 1785 326; x_wconf 88' lang='lat' dir='ltr'>additis</span> <span class='ocrx_word' id='word_1_26' title='bbox 1815 284 2048 327; x_wconf 77' lang='lat' dir='ltr'><strong>accuratius</strong></span> <span class='ocrx_word' id='word_1_27' title='bbox 2079 283 2330 339; x_wconf 59' lang='lat' dir='ltr'>significum)</span> 
     </span>
    </p>

    <p class='ocr_par' dir='ltr' id='par_1_3' title="bbox 138 349 2531 1207">
     <span class='ocr_line' id='line_1_4' title="bbox 339 349 2530 408; baseline 0 -12"><span class='ocrx_word' id='word_1_28' title='bbox 339 351 423 396; x_wconf 89' lang='lat' dir='ltr'>Pol.</span> <span class='ocrx_word' id='word_1_29' title='bbox 453 352 480 408; x_wconf 64' lang='grc' dir='ltr'>ξ</span> <span class='ocrx_word' id='word_1_30' title='bbox 510 353 536 396; x_wconf 86' lang='grc'>3</span> <span class='ocrx_word' id='word_1_31' title='bbox 576 353 710 395; x_wconf 91' lang='lat' dir='ltr'>narrat</span> <span class='ocrx_word' id='word_1_32' title='bbox 749 349 966 395; x_wconf 84' lang='lat' dir='ltr'>Romanos</span> <span class='ocrx_word' id='word_1_33' title='bbox 1006 362 1158 405; x_wconf 89' lang='lat' dir='ltr'>magna</span> <span class='ocrx_word' id='word_1_34' title='bbox 1199 350 1463 394; x_wconf 89' lang='lat' dir='ltr'>multitudine</span> <span class='ocrx_word' id='word_1_35' title='bbox 1502 350 1734 402; x_wconf 90' lang='lat' dir='ltr'>hominum,</span> <span class='ocrx_word' id='word_1_36' title='bbox 1774 351 1846 406; x_wconf 90' lang='lat' dir='ltr'>qui</span> <span class='ocrx_word' id='word_1_37' title='bbox 1890 362 2018 405; x_wconf 92' lang='lat' dir='ltr'>opera</span> <span class='ocrx_word' id='word_1_38' title='bbox 2057 350 2250 404; x_wconf 86' lang='lat' dir='ltr'>tacerent,</span> <span class='ocrx_word' id='word_1_39' title='bbox 2293 353 2530 406; x_wconf 90' lang='lat' dir='ltr'>speravisse</span> 
     </span>
     <span class='ocr_line' id='line_1_5' title="bbox 139 418 2531 475; baseline -0.001 -12"><span class='ocrx_word' id='word_1_40' title='bbox 139 421 330 475; x_wconf 89' lang='lat' dir='ltr'>quinque</span> <span class='ocrx_word' id='word_1_41' title='bbox 359 420 511 463; x_wconf 89' lang='lat' dir='ltr'>diebus</span> <span class='ocrx_word' id='word_1_42' title='bbox 542 419 759 461; x_wconf 91' lang='lat' dir='ltr'>duobus</span> <span class='ocrx_word' id='word_1_43' title='bbox 790 418 900 459; x_wconf 90' lang='lat' dir='ltr'>illis</span> <span class='ocrx_word' id='word_1_44' title='bbox 932 419 1061 459; x_wconf 89' lang='lat' dir='ltr'>muri</span> <span class='ocrx_word' id='word_1_45' title='bbox 1091 419 1246 469; x_wconf 90' lang='lat' dir='ltr'>locis,</span> <span class='ocrx_word' id='word_1_46' title='bbox 1284 431 1423 472; x_wconf 91' lang='lat' dir='ltr'>quos</span> <span class='ocrx_word' id='word_1_47' title='bbox 1455 418 1808 472; x_wconf 78' lang='lat' dir='ltr'>significavit,</span> <span class='ocrx_word' id='word_1_48' title='bbox 1838 418 2198 473; x_wconf 80' lang='lat' dir='ltr'>Syracusanorum</span> <span class='ocrx_word' id='word_1_49' title='bbox 2228 423 2452 472; x_wconf 89' lang='lat' dir='ltr'>apparatus</span> <span class='ocrx_word' id='word_1_50' title='bbox 2481 432 2531 462; x_wconf 88' lang='lat' dir='ltr'>se</span> 
     </span>
     <span class='ocr_line' id='line_1_6' title="bbox 139 486 2527 540; baseline -0 -11"><span class='ocrx_word' id='word_1_51' title='bbox 139 499 437 540; x_wconf 90' lang='lat' dir='ltr'>praeversuros</span> <span class='ocrx_word' id='word_1_52' title='bbox 467 499 566 528; x_wconf 88' lang='lat' dir='ltr'>esse</span> <span class='ocrx_word' id='word_1_53' title='bbox 606 486 913 537; x_wconf 84' lang='grc' dir='ltr'>(καταταχήσειν</span> <span class='ocrx_word' id='word_1_54' title='bbox 942 488 1100 526; x_wconf 89' lang='lat' dir='ltr'>certum</span> <span class='ocrx_word' id='word_1_55' title='bbox 1132 487 1223 535; x_wconf 91' lang='lat' dir='ltr'>est).</span> <span class='ocrx_word' id='word_1_56' title='bbox 1261 486 1381 538; x_wconf 90' lang='lat' dir='ltr'>quod</span> <span class='ocrx_word' id='word_1_57' title='bbox 1414 486 1552 526; x_wconf 91' lang='lat' dir='ltr'>Livius</span> <span class='ocrx_word' id='word_1_58' title='bbox 1584 498 1670 527; x_wconf 92' lang='lat' dir='ltr'>non</span> <span class='ocrx_word' id='word_1_59' title='bbox 1701 489 1891 528; x_wconf 91' lang='lat' dir='ltr'>accurate</span> <span class='ocrx_word' id='word_1_60' title='bbox 1921 486 2028 538; x_wconf 88' lang='lat' dir='ltr'>legit.</span> <span class='ocrx_word' id='word_1_61' title='bbox 2068 497 2162 527; x_wconf 89' lang='lat' dir='ltr'>nam</span> <span class='ocrx_word' id='word_1_62' title='bbox 2202 489 2247 527; x_wconf 92' lang='lat' dir='ltr'>ut</span> <span class='ocrx_word' id='word_1_63' title='bbox 2283 487 2527 528; x_wconf 74' lang='lat' dir='ltr'>celeritatem</span> 
     </span>
     <span class='ocr_line' id='line_1_7' title="bbox 138 551 2529 607; baseline -0 -11"><span class='ocrx_word' id='word_1_64' title='bbox 138 553 302 603; x_wconf 85' lang='lat' dir='ltr'>indicet,</span> <span class='ocrx_word' id='word_1_65' title='bbox 343 554 436 607; x_wconf 91' lang='lat' dir='ltr'>ipse</span> <span class='ocrx_word' id='word_1_66' title='bbox 475 551 591 595; x_wconf 92' lang='lat' dir='ltr'>addit</span> <span class='ocrx_word' id='word_1_67' title='bbox 633 551 754 593; x_wconf 87' lang='lat' dir='ltr'>haec:</span> <span class='ocrx_word' id='word_1_68' title='bbox 795 551 927 602; x_wconf 90' lang='lat' dir='ltr'>„sicut</span> <span class='ocrx_word' id='word_1_69' title='bbox 970 551 1200 593; x_wconf 83' lang='lat' dir='ltr'>Leontinos</span> <span class='ocrx_word' id='word_1_70' title='bbox 1242 554 1396 594; x_wconf 91' lang='lat' dir='ltr'>terrore</span> <span class='ocrx_word' id='word_1_71' title='bbox 1435 564 1485 593; x_wconf 92' lang='lat' dir='ltr'>ac</span> <span class='ocrx_word' id='word_1_72' title='bbox 1525 552 1660 605; x_wconf 90' lang='lat' dir='ltr'>primo</span> <span class='ocrx_word' id='word_1_73' title='bbox 1701 552 1857 606; x_wconf 90' lang='lat' dir='ltr'>impetu</span> <span class='ocrx_word' id='word_1_74' title='bbox 1900 554 2108 605; x_wconf 85' lang='lat' dir='ltr'>ceperant,</span> <span class='ocrx_word' id='word_1_75' title='bbox 2155 563 2242 594; x_wconf 91' lang='lat' dir='ltr'>non</span> <span class='ocrx_word' id='word_1_76' title='bbox 2285 551 2529 595; x_wconf 81' lang='lat' dir='ltr'>diffidebant</span> 
     </span>
     <span class='ocr_line' id='line_1_8' title="bbox 139 619 2528 674; baseline -0.001 -11"><span class='ocrx_word' id='word_1_77' title='bbox 139 625 298 663; x_wconf 88' lang='lat' dir='ltr'>vastam</span> <span class='ocrx_word' id='word_1_78' title='bbox 346 621 650 672; x_wconf 87' lang='lat' dir='ltr'>disiectamque</span> <span class='ocrx_word' id='word_1_79' title='bbox 691 620 828 671; x_wconf 90' lang='lat' dir='ltr'>spatio</span> <span class='ocrx_word' id='word_1_80' title='bbox 870 619 1015 661; x_wconf 89' lang='lat' dir='ltr'>urbem</span> <span class='ocrx_word' id='word_1_81' title='bbox 1060 622 1207 672; x_wconf 90' lang='lat' dir='ltr'>parte</span> <span class='ocrx_word' id='word_1_82' title='bbox 1245 620 1424 672; x_wconf 91' lang='lat' dir='ltr'>aliqua</span> <span class='ocrx_word' id='word_1_83' title='bbox 1467 631 1513 661; x_wconf 90' lang='lat' dir='ltr'>se</span> <span class='ocrx_word' id='word_1_84' title='bbox 1554 620 1812 661; x_wconf 87' lang='lat' dir='ltr'>invasuros.“</span> <span class='ocrx_word' id='word_1_85' title='bbox 1853 620 2201 673; x_wconf 82' lang='lat' dir='ltr'>oppugnationes</span> <span class='ocrx_word' id='word_1_86' title='bbox 2237 623 2374 661; x_wconf 90' lang='lat' dir='ltr'>autem</span> <span class='ocrx_word' id='word_1_87' title='bbox 2413 620 2528 674; x_wconf 87' lang='lat' dir='ltr'>Syra·</span> 
     </span>
     <span class='ocr_line' id='line_1_9' title="bbox 138 685 2525 738; baseline -0 -9"><span class='ocrx_word' id='word_1_88' title='bbox 138 700 334 729; x_wconf 91' lang='lat' dir='ltr'>cusarum</span> <span class='ocrx_word' id='word_1_89' title='bbox 366 690 406 728; x_wconf 90' lang='lat' dir='ltr'>et</span> <span class='ocrx_word' id='word_1_90' title='bbox 438 686 753 735; x_wconf 83' lang='lat' dir='ltr'>Leontinorum,</span> <span class='ocrx_word' id='word_1_91' title='bbox 788 697 897 738; x_wconf 89' lang='lat' dir='ltr'>quas</span> <span class='ocrx_word' id='word_1_92' title='bbox 926 685 1054 738; x_wconf 91' lang='lat' dir='ltr'>paulo</span> <span class='ocrx_word' id='word_1_93' title='bbox 1084 688 1180 727; x_wconf 92' lang='lat' dir='ltr'>ante</span> <span class='ocrx_word' id='word_1_94' title='bbox 1208 686 1249 738; x_wconf 67' lang='grc' dir='ltr'>(ξ</span> <span class='ocrx_word' id='word_1_95' title='bbox 1278 687 1320 738; x_wconf 91' lang='grc'>8)</span> <span class='ocrx_word' id='word_1_96' title='bbox 1360 686 1438 727; x_wconf 90' lang='lat' dir='ltr'>iam</span> <span class='ocrx_word' id='word_1_97' title='bbox 1478 687 1718 735; x_wconf 89' lang='lat' dir='ltr'>contulerat,</span> <span class='ocrx_word' id='word_1_98' title='bbox 1756 698 1853 728; x_wconf 94' lang='lat' dir='ltr'>cum</span> <span class='ocrx_word' id='word_1_99' title='bbox 1894 686 1977 728; x_wconf 92' lang='lat' dir='ltr'>hoc</span> <span class='ocrx_word' id='word_1_100' title='bbox 2016 686 2114 728; x_wconf 92' lang='lat' dir='ltr'>loco</span> <span class='ocrx_word' id='word_1_101' title='bbox 2151 686 2204 727; x_wconf 89' lang='lat' dir='ltr'>ad</span> <span class='ocrx_word' id='word_1_102' title='bbox 2243 687 2525 728; x_wconf 90' lang='lat' dir='ltr'>exornandam</span> 
     </span>
     <span class='ocr_line' id='line_1_10' title="bbox 140 752 2524 807; baseline -0.001 -10"><span class='ocrx_word' id='word_1_103' title='bbox 140 755 414 797; x_wconf 86' lang='lat' dir='ltr'>narrationem</span> <span class='ocrx_word' id='word_1_104' title='bbox 455 753 559 795; x_wconf 90' lang='lat' dir='ltr'>inter</span> <span class='ocrx_word' id='word_1_105' title='bbox 598 763 645 794; x_wconf 92' lang='lat' dir='ltr'>se</span> <span class='ocrx_word' id='word_1_106' title='bbox 682 755 908 805; x_wconf 87' lang='lat' dir='ltr'>comparet,</span> <span class='ocrx_word' id='word_1_107' title='bbox 946 764 1030 794; x_wconf 93' lang='lat' dir='ltr'>una</span> <span class='ocrx_word' id='word_1_108' title='bbox 1067 753 1108 794; x_wconf 92' lang='lat' dir='ltr'>in</span> <span class='ocrx_word' id='word_1_109' title='bbox 1148 752 1412 806; x_wconf 86' lang='lat' dir='ltr'>paragrapho</span> <span class='ocrx_word' id='word_1_110' title='bbox 1451 752 1668 806; x_wconf 79' lang='lat' dir='ltr'>dupliciter</span> <span class='ocrx_word' id='word_1_111' title='bbox 1709 765 1853 795; x_wconf 90' lang='lat' dir='ltr'>secum</span> <span class='ocrx_word' id='word_1_112' title='bbox 1885 753 1978 806; x_wconf 89' lang='lat' dir='ltr'>ipse</span> <span class='ocrx_word' id='word_1_113' title='bbox 2008 755 2179 807; x_wconf 88' lang='lat' dir='ltr'>pugnat.</span> <span class='ocrx_word' id='word_1_114' title='bbox 2210 753 2387 806; x_wconf 91' lang='lat' dir='ltr'>primum</span> <span class='ocrx_word' id='word_1_115' title='bbox 2418 754 2524 795; x_wconf 92' lang='lat' dir='ltr'>enim</span> 
     </span>
     <span class='ocr_line' id='line_1_11' title="bbox 140 819 2526 874; baseline -0 -11"><span class='ocrx_word' id='word_1_116' title='bbox 140 821 299 863; x_wconf 86' lang='lat' dir='ltr'>scribit:</span> <span class='ocrx_word' id='word_1_117' title='bbox 340 822 478 873; x_wconf 91' lang='lat' dir='ltr'>„parte</span> <span class='ocrx_word' id='word_1_118' title='bbox 517 819 678 872; x_wconf 86' lang='lat' dir='ltr'>aliqua“</span> <span class='ocrx_word' id='word_1_119' title='bbox 718 819 818 869; x_wconf 85' lang='lat' dir='ltr'>(scil.</span> <span class='ocrx_word' id='word_1_120' title='bbox 849 819 977 870; x_wconf 90' lang='lat' dir='ltr'>urbis,</span> <span class='ocrx_word' id='word_1_121' title='bbox 1024 830 1134 872; x_wconf 91' lang='lat' dir='ltr'>quae</span> <span class='ocrx_word' id='word_1_122' title='bbox 1173 822 1291 861; x_wconf 90' lang='lat' dir='ltr'>vasta</span> <span class='ocrx_word' id='word_1_123' title='bbox 1332 819 1590 872; x_wconf 90' lang='lat' dir='ltr'>disiectaque</span> <span class='ocrx_word' id='word_1_124' title='bbox 1632 821 1768 872; x_wconf 90' lang='lat' dir='ltr'>spatio</span> <span class='ocrx_word' id='word_1_125' title='bbox 1810 823 1950 871; x_wconf 87' lang='lat' dir='ltr'>esset),</span> <span class='ocrx_word' id='word_1_126' title='bbox 1991 820 2151 861; x_wconf 90' lang='lat' dir='ltr'>etiamsi</span> <span class='ocrx_word' id='word_1_127' title='bbox 2193 822 2313 861; x_wconf 90' lang='lat' dir='ltr'>antea</span> <span class='ocrx_word' id='word_1_128' title='bbox 2353 820 2526 874; x_wconf 81' lang='lat' dir='ltr'>Polybio</span> 
     </span>
     <span class='ocr_line' id='line_1_12' title="bbox 138 886 2526 939; baseline -0 -10"><span class='ocrx_word' id='word_1_129' title='bbox 138 891 310 929; x_wconf 90' lang='lat' dir='ltr'>auctore</span> <span class='ocrx_word' id='word_1_130' title='bbox 351 888 459 928; x_wconf 91' lang='lat' dir='ltr'>duas</span> <span class='ocrx_word' id='word_1_131' title='bbox 501 886 589 927; x_wconf 90' lang='lat' dir='ltr'>illas</span> <span class='ocrx_word' id='word_1_132' title='bbox 631 889 763 927; x_wconf 91' lang='lat' dir='ltr'>certas</span> <span class='ocrx_word' id='word_1_133' title='bbox 806 887 910 927; x_wconf 90' lang='lat' dir='ltr'>muri</span> <span class='ocrx_word' id='word_1_134' title='bbox 953 889 1091 938; x_wconf 90' lang='lat' dir='ltr'>partes</span> <span class='ocrx_word' id='word_1_135' title='bbox 1133 886 1348 935; x_wconf 88' lang='lat' dir='ltr'>indicavit;</span> <span class='ocrx_word' id='word_1_136' title='bbox 1389 886 1543 927; x_wconf 92' lang='lat' dir='ltr'>deinde</span> <span class='ocrx_word' id='word_1_137' title='bbox 1582 886 1797 928; x_wconf 84' lang='lat' dir='ltr'>Romanos</span> <span class='ocrx_word' id='word_1_138' title='bbox 1836 887 1972 939; x_wconf 91' lang='lat' dir='ltr'>primo</span> <span class='ocrx_word' id='word_1_139' title='bbox 2011 887 2183 939; x_wconf 89' lang='lat' dir='ltr'>impetu,</span> <span class='ocrx_word' id='word_1_140' title='bbox 2224 886 2246 927; x_wconf 92' lang='lat' dir='ltr'>i.</span> <span class='ocrx_word' id='word_1_141' title='bbox 2271 898 2304 927; x_wconf 93' lang='lat' dir='ltr'>e.</span> <span class='ocrx_word' id='word_1_142' title='bbox 2327 886 2526 939; x_wconf 84' lang='lat' dir='ltr'>operibus</span> 
     </span>
     <span class='ocr_line' id='line_1_13' title="bbox 138 953 2526 1007; baseline -0 -11"><span class='ocrx_word' id='word_1_143' title='bbox 138 958 259 996; x_wconf 90' lang='lat' dir='ltr'>antea</span> <span class='ocrx_word' id='word_1_144' title='bbox 289 966 377 995; x_wconf 89' lang='lat' dir='ltr'>non</span> <span class='ocrx_word' id='word_1_145' title='bbox 408 953 539 1003; x_wconf 79' lang='lat' dir='ltr'>iactis,</span> <span class='ocrx_word' id='word_1_146' title='bbox 570 953 609 993; x_wconf 92' lang='lat' dir='ltr'>in</span> <span class='ocrx_word' id='word_1_147' title='bbox 643 953 787 995; x_wconf 91' lang='lat' dir='ltr'>urbem</span> <span class='ocrx_word' id='word_1_148' title='bbox 820 953 1015 995; x_wconf 90' lang='lat' dir='ltr'>invadere</span> <span class='ocrx_word' id='word_1_149' title='bbox 1038 953 1229 995; x_wconf 91' lang='lat' dir='ltr'>voluisse</span> <span class='ocrx_word' id='word_1_150' title='bbox 1258 953 1377 995; x_wconf 86' lang='lat' dir='ltr'>tradit</span> <span class='ocrx_word' id='word_1_151' title='bbox 1407 956 1447 994; x_wconf 94' lang='lat' dir='ltr'>et</span> <span class='ocrx_word' id='word_1_152' title='bbox 1471 956 1608 995; x_wconf 91' lang='lat' dir='ltr'>tamen</span> <span class='ocrx_word' id='word_1_153' title='bbox 1635 954 1769 995; x_wconf 91' lang='lat' dir='ltr'>statim</span> <span class='ocrx_word' id='word_1_154' title='bbox 1795 954 1849 995; x_wconf 89' lang='lat' dir='ltr'>ita</span> <span class='ocrx_word' id='word_1_155' title='bbox 1878 954 2032 1007; x_wconf 79' lang='lat' dir='ltr'>pergitz</span> <span class='ocrx_word' id='word_1_156' title='bbox 2062 965 2255 1003; x_wconf 87' lang='lat' dir='ltr'>„omnem</span> <span class='ocrx_word' id='word_1_157' title='bbox 2285 956 2526 1007; x_wconf 84' lang='lat' dir='ltr'>apparatum</span> 
     </span>
     <span class='ocr_line' id='line_1_14' title="bbox 139 1020 2528 1076; baseline 0 -12"><span class='ocrx_word' id='word_1_158' title='bbox 139 1020 525 1076; x_wconf 88' lang='lat' dir='ltr'>oppugnandarum</span> <span class='ocrx_word' id='word_1_159' title='bbox 569 1020 733 1062; x_wconf 91' lang='lat' dir='ltr'>urbium</span> <span class='ocrx_word' id='word_1_160' title='bbox 777 1021 905 1063; x_wconf 91' lang='lat' dir='ltr'>muris</span> <span class='ocrx_word' id='word_1_161' title='bbox 943 1020 1255 1063; x_wconf 88' lang='lat' dir='ltr'>admoverunt.“</span> <span class='ocrx_word' id='word_1_162' title='bbox 1296 1023 1528 1063; x_wconf 91' lang='lat' dir='ltr'>commutat</span> <span class='ocrx_word' id='word_1_163' title='bbox 1566 1021 1689 1074; x_wconf 88' lang='lat' dir='ltr'>igitur</span> <span class='ocrx_word' id='word_1_164' title='bbox 1725 1021 1925 1074; x_wconf 91' lang='lat' dir='ltr'>impetum</span> <span class='ocrx_word' id='word_1_165' title='bbox 1965 1021 2003 1062; x_wconf 93' lang='lat' dir='ltr'>vi</span> <span class='ocrx_word' id='word_1_166' title='bbox 2046 1033 2121 1071; x_wconf 90' lang='lat' dir='ltr'>„ex</span> <span class='ocrx_word' id='word_1_167' title='bbox 2161 1020 2323 1063; x_wconf 88' lang='lat' dir='ltr'>itinere“</span> <span class='ocrx_word' id='word_1_168' title='bbox 2361 1020 2528 1072; x_wconf 79' lang='lat' dir='ltr'>tactum,</span> 
     </span>
     <span class='ocr_line' id='line_1_15' title="bbox 140 1087 2528 1141; baseline -0.001 -11"><span class='ocrx_word' id='word_1_169' title='bbox 140 1092 185 1130; x_wconf 91' lang='lat' dir='ltr'>ut</span> <span class='ocrx_word' id='word_1_170' title='bbox 216 1099 343 1141; x_wconf 90' lang='lat' dir='ltr'>saepe</span> <span class='ocrx_word' id='word_1_171' title='bbox 372 1087 488 1141; x_wconf 89' lang='lat' dir='ltr'>apud</span> <span class='ocrx_word' id='word_1_172' title='bbox 520 1087 745 1130; x_wconf 88' lang='lat' dir='ltr'>Caesarem</span> <span class='ocrx_word' id='word_1_173' title='bbox 775 1088 822 1129; x_wconf 90' lang='lat' dir='ltr'>al.</span> <span class='ocrx_word' id='word_1_174' title='bbox 853 1088 1070 1139; x_wconf 89' lang='lat' dir='ltr'>invenitur,</span> <span class='ocrx_word' id='word_1_175' title='bbox 1111 1090 1151 1129; x_wconf 90' lang='lat' dir='ltr'>et</span> <span class='ocrx_word' id='word_1_176' title='bbox 1181 1088 1546 1141; x_wconf 87' lang='lat' dir='ltr'>oppugnationem</span> <span class='ocrx_word' id='word_1_177' title='bbox 1579 1088 1906 1141; x_wconf 86' lang='lat' dir='ltr'>praeparatam.²)</span> <span class='ocrx_word' id='word_1_178' title='bbox 1946 1088 2049 1129; x_wconf 91' lang='lat' dir='ltr'>haec</span> <span class='ocrx_word' id='word_1_179' title='bbox 2087 1099 2263 1141; x_wconf 86' lang='lat' dir='ltr'>quoque</span> <span class='ocrx_word' id='word_1_180' title='bbox 2294 1088 2406 1129; x_wconf 89' lang='lat' dir='ltr'>Livio</span> <span class='ocrx_word' id='word_1_181' title='bbox 2436 1088 2528 1141; x_wconf 89' lang='lat' dir='ltr'>ipsi,</span> 
     </span>
     <span class='ocr_line' id='line_1_16' title="bbox 141 1154 2525 1207; baseline 0 -12"><span class='ocrx_word' id='word_1_182' title='bbox 141 1168 227 1196; x_wconf 94' lang='lat' dir='ltr'>non</span> <span class='ocrx_word' id='word_1_183' title='bbox 261 1156 328 1195; x_wconf 90' lang='lat' dir='ltr'>ulli</span> <span class='ocrx_word' id='word_1_184' title='bbox 359 1155 516 1196; x_wconf 89' lang='lat' dir='ltr'>auctori</span> <span class='ocrx_word' id='word_1_185' title='bbox 547 1155 809 1196; x_wconf 88' lang='lat' dir='ltr'>attribuenda</span> <span class='ocrx_word' id='word_1_186' title='bbox 840 1158 957 1196; x_wconf 88' lang='lat' dir='ltr'>sunt:</span> <span class='ocrx_word' id='word_1_187' title='bbox 994 1155 1154 1195; x_wconf 84' lang='lat' dir='ltr'>addidit</span> <span class='ocrx_word' id='word_1_188' title='bbox 1191 1158 1329 1196; x_wconf 90' lang='lat' dir='ltr'>autem</span> <span class='ocrx_word' id='word_1_189' title='bbox 1369 1155 1434 1195; x_wconf 88' lang='lat' dir='ltr'>illa</span> <span class='ocrx_word' id='word_1_190' title='bbox 1462 1154 1587 1196; x_wconf 91' lang='lat' dir='ltr'>verba</span> <span class='ocrx_word' id='word_1_191' title='bbox 1630 1167 1821 1204; x_wconf 90' lang='lat' dir='ltr'>„omnem</span> <span class='ocrx_word' id='word_1_192' title='bbox 1861 1158 2105 1207; x_wconf 89' lang='lat' dir='ltr'>apparatum</span> <span class='ocrx_word' id='word_1_193' title='bbox 2145 1156 2525 1207; x_wconf 86' lang='lat' dir='ltr'>oppugnandarum</span> 
     </span>
    </p>
   </div>
   <div class='ocr_carea' id='block_1_3' title="bbox 133 1264 2531 3155">
    <p class='ocr_par' dir='ltr' id='par_1_4' title="bbox 140 1264 2528 1475">
     <span class='ocr_line' id='line_1_17' title="bbox 345 1264 2527 1309; baseline 0 -10"><span class='ocrx_word' id='word_1_194' title='bbox 345 1267 368 1308; x_wconf 90' lang='lat'>¹)</span> <span class='ocrx_word' id='word_1_195' title='bbox 393 1265 438 1299; x_wconf 91' lang='lat' dir='ltr'>ad</span> <span class='ocrx_word' id='word_1_196' title='bbox 464 1275 537 1299; x_wconf 91' lang='lat' dir='ltr'>rem</span> <span class='ocrx_word' id='word_1_197' title='bbox 561 1265 603 1299; x_wconf 80' lang='lat' dir='ltr'>ct.</span> <span class='ocrx_word' id='word_1_198' title='bbox 628 1264 962 1309; x_wconf 82' lang='lat' dir='ltr'>(Cavallari-Holm)</span> <span class='ocrx_word' id='word_1_199' title='bbox 1001 1266 1131 1309; x_wconf 88' lang='lat' dir='ltr'>Lupus,</span> <span class='ocrx_word' id='word_1_200' title='bbox 1168 1265 1235 1300; x_wconf 91' lang='lat' dir='ltr'>Die</span> <span class='ocrx_word' id='word_1_201' title='bbox 1271 1265 1371 1300; x_wconf 90' lang='lat' dir='ltr'>Stadt</span> <span class='ocrx_word' id='word_1_202' title='bbox 1405 1265 1556 1309; x_wconf 87' lang='lat' dir='ltr'>Syrakus</span> <span class='ocrx_word' id='word_1_203' title='bbox 1592 1265 1638 1299; x_wconf 90' lang='lat' dir='ltr'>im</span> <span class='ocrx_word' id='word_1_204' title='bbox 1675 1265 1857 1307; x_wconf 89' lang='lat' dir='ltr'>Altertum,</span> <span class='ocrx_word' id='word_1_205' title='bbox 1893 1276 1925 1308; x_wconf 91' lang='lat' dir='ltr'>p.</span> <span class='ocrx_word' id='word_1_206' title='bbox 1944 1266 2029 1307; x_wconf 87' lang='lat'>216;</span> <span class='ocrx_word' id='word_1_207' title='bbox 2075 1264 2282 1309; x_wconf 87' lang='lat' dir='ltr'>Schubring,</span> <span class='ocrx_word' id='word_1_208' title='bbox 2318 1266 2527 1308; x_wconf 72' lang='lat' dir='ltr'>Achradina,</span> 
     </span>
     <span class='ocr_line' id='line_1_18' title="bbox 141 1320 2528 1364; baseline 0 -9"><span class='ocrx_word' id='word_1_209' title='bbox 141 1331 230 1355; x_wconf 91' lang='lat' dir='ltr'>mus.</span> <span class='ocrx_word' id='word_1_210' title='bbox 258 1320 366 1358; x_wconf 84' lang='lat' dir='ltr'>Rhen.</span> <span class='ocrx_word' id='word_1_211' title='bbox 393 1320 435 1355; x_wconf 91' lang='grc' dir='ltr'>Ν.</span> <span class='ocrx_word' id='word_1_212' title='bbox 464 1321 497 1355; x_wconf 77' lang='lat' dir='ltr'>f.</span> <span class='ocrx_word' id='word_1_213' title='bbox 521 1321 566 1355; x_wconf 88' lang='lat'>20</span> <span class='ocrx_word' id='word_1_214' title='bbox 598 1332 630 1364; x_wconf 89' lang='lat' dir='ltr'>p.</span> <span class='ocrx_word' id='word_1_215' title='bbox 656 1321 699 1355; x_wconf 90' lang='grc'>57</span> <span class='ocrx_word' id='word_1_216' title='bbox 730 1331 778 1363; x_wconf 87' lang='lat' dir='ltr'>s.;</span> <span class='ocrx_word' id='word_1_217' title='bbox 814 1321 935 1363; x_wconf 81' lang='lat' dir='ltr'>Holm,</span> <span class='ocrx_word' id='word_1_218' title='bbox 968 1320 1098 1355; x_wconf 88' lang='lat' dir='ltr'>Oesch.</span> <span class='ocrx_word' id='word_1_219' title='bbox 1124 1321 1189 1356; x_wconf 89' lang='lat' dir='ltr'>Siz.</span> <span class='ocrx_word' id='word_1_220' title='bbox 1216 1321 1261 1355; x_wconf 86' lang='grc' dir='ltr'>ΙΙΙ</span> <span class='ocrx_word' id='word_1_221' title='bbox 1295 1331 1329 1364; x_wconf 88' lang='lat' dir='ltr'>p.</span> <span class='ocrx_word' id='word_1_222' title='bbox 1354 1322 1397 1355; x_wconf 86' lang='lat'>54</span> <span class='ocrx_word' id='word_1_223' title='bbox 1433 1322 1468 1354; x_wconf 91' lang='lat' dir='ltr'>et</span> <span class='ocrx_word' id='word_1_224' title='bbox 1501 1320 1578 1363; x_wconf 83' lang='lat'>360,</span> <span class='ocrx_word' id='word_1_225' title='bbox 1618 1320 1678 1364; x_wconf 88' lang='lat' dir='ltr'>qui</span> <span class='ocrx_word' id='word_1_226' title='bbox 1715 1331 1786 1355; x_wconf 87' lang='lat' dir='ltr'>rem</span> <span class='ocrx_word' id='word_1_227' title='bbox 1824 1321 1927 1364; x_wconf 91' lang='lat' dir='ltr'>plane</span> <span class='ocrx_word' id='word_1_228' title='bbox 1963 1330 2035 1355; x_wconf 91' lang='lat' dir='ltr'>non</span> <span class='ocrx_word' id='word_1_229' title='bbox 2072 1320 2279 1364; x_wconf 87' lang='lat' dir='ltr'>intellegens</span> <span class='ocrx_word' id='word_1_230' title='bbox 2315 1341 2355 1345; x_wconf 97' lang='lat'><strong>—</strong></span> <span class='ocrx_word' id='word_1_231' title='bbox 2391 1320 2528 1356; x_wconf 88' lang='lat' dir='ltr'>videtur</span> 
     </span>
     <span class='ocr_line' id='line_1_19' title="bbox 140 1375 2525 1421; baseline 0 -11"><span class='ocrx_word' id='word_1_232' title='bbox 140 1377 305 1411; x_wconf 88' lang='lat' dir='ltr'>editionis</span> <span class='ocrx_word' id='word_1_233' title='bbox 332 1376 585 1411; x_wconf 79' lang='lat' dir='ltr'>Hultschianae</span> <span class='ocrx_word' id='word_1_234' title='bbox 610 1376 735 1420; x_wconf 88' lang='lat' dir='ltr'>prioris</span> <span class='ocrx_word' id='word_1_235' title='bbox 760 1378 927 1410; x_wconf 90' lang='lat' dir='ltr'>contextu</span> <span class='ocrx_word' id='word_1_236' title='bbox 953 1386 1046 1411; x_wconf 91' lang='lat' dir='ltr'>nunc</span> <span class='ocrx_word' id='word_1_237' title='bbox 1069 1376 1174 1410; x_wconf 91' lang='lat' dir='ltr'>nobis</span> <span class='ocrx_word' id='word_1_238' title='bbox 1200 1376 1310 1410; x_wconf 90' lang='lat' dir='ltr'>inutili</span> <span class='ocrx_word' id='word_1_239' title='bbox 1335 1386 1421 1410; x_wconf 90' lang='lat' dir='ltr'>usus</span> <span class='ocrx_word' id='word_1_240' title='bbox 1446 1385 1527 1410; x_wconf 92' lang='lat' dir='ltr'>esse</span> <span class='ocrx_word' id='word_1_241' title='bbox 1562 1396 1599 1400; x_wconf 93' lang='lat'>—</span> <span class='ocrx_word' id='word_1_242' title='bbox 1635 1379 1807 1420; x_wconf 89' lang='lat' dir='ltr'>impetum</span> <span class='ocrx_word' id='word_1_243' title='bbox 1833 1378 1923 1410; x_wconf 90' lang='lat' dir='ltr'>terra</span> <span class='ocrx_word' id='word_1_244' title='bbox 1948 1375 2078 1410; x_wconf 79' lang='lat' dir='ltr'>iactum</span> <span class='ocrx_word' id='word_1_245' title='bbox 2105 1376 2198 1420; x_wconf 90' lang='lat' dir='ltr'>apud</span> <span class='ocrx_word' id='word_1_246' title='bbox 2223 1378 2335 1410; x_wconf 91' lang='lat' dir='ltr'>stoam</span> <span class='ocrx_word' id='word_1_247' title='bbox 2362 1376 2525 1421; x_wconf 84' lang='lat' dir='ltr'>scyticam</span> 
     </span>
     <span class='ocr_line' id='line_1_20' title="bbox 140 1432 1403 1475; baseline 0 -9"><span class='ocrx_word' id='word_1_248' title='bbox 140 1432 249 1466; x_wconf 80' lang='lat' dir='ltr'>tuisse</span> <span class='ocrx_word' id='word_1_249' title='bbox 274 1432 374 1474; x_wconf 88' lang='lat' dir='ltr'>dicit;</span> <span class='ocrx_word' id='word_1_250' title='bbox 399 1432 668 1466; x_wconf 90' lang='lat' dir='ltr'>Weissenborn.</span> <span class='ocrx_word' id='word_1_251' title='bbox 693 1433 737 1466; x_wconf 90' lang='lat' dir='ltr'>ad</span> <span class='ocrx_word' id='word_1_252' title='bbox 764 1432 877 1466; x_wconf 76' lang='lat' dir='ltr'><strong>XXIV</strong></span> <span class='ocrx_word' id='word_1_253' title='bbox 901 1434 956 1475; x_wconf 85' lang='lat'>34,</span> <span class='ocrx_word' id='word_1_254' title='bbox 981 1434 1020 1474; x_wconf 78' lang='lat'>33</span> <span class='ocrx_word' id='word_1_255' title='bbox 1046 1432 1215 1466; x_wconf 89' lang='lat' dir='ltr'>Ahrendt.</span> <span class='ocrx_word' id='word_1_256' title='bbox 1242 1432 1270 1466; x_wconf 92' lang='lat'>11</span> <span class='ocrx_word' id='word_1_257' title='bbox 1296 1442 1329 1475; x_wconf 91' lang='lat' dir='ltr'>p.</span> <span class='ocrx_word' id='word_1_258' title='bbox 1349 1432 1403 1466; x_wconf 81' lang='lat'>23.</span> 
     </span>
    </p>

    <p class='ocr_par' dir='ltr' id='par_1_5' title="bbox 138 1487 2526 1977">
     <span class='ocr_line' id='line_1_21' title="bbox 341 1487 2525 1537; baseline 0 -15"><span class='ocrx_word' id='word_1_259' title='bbox 341 1488 508 1522; x_wconf 82' lang='lat' dir='ltr'>Holmius</span> <span class='ocrx_word' id='word_1_260' title='bbox 544 1488 606 1531; x_wconf 84' lang='grc' dir='ltr'><strong>(ΙΙΙ</strong></span> <span class='ocrx_word' id='word_1_261' title='bbox 632 1499 666 1531; x_wconf 90' lang='lat' dir='ltr'>p.</span> <span class='ocrx_word' id='word_1_262' title='bbox 690 1488 783 1531; x_wconf 85' lang='lat'>360),</span> <span class='ocrx_word' id='word_1_263' title='bbox 819 1498 926 1531; x_wconf 88' lang='lat' dir='ltr'>quem</span> <span class='ocrx_word' id='word_1_264' title='bbox 963 1488 1178 1537; x_wconf 80' lang='lat' dir='ltr'>Ahrendtius</span> <span class='ocrx_word' id='word_1_265' title='bbox 1214 1488 1382 1531; x_wconf 89' lang='lat' dir='ltr'>sequitur,</span> <span class='ocrx_word' id='word_1_266' title='bbox 1421 1488 1455 1522; x_wconf 91' lang='lat' dir='ltr'>in</span> <span class='ocrx_word' id='word_1_267' title='bbox 1491 1490 1588 1531; x_wconf 90' lang='lat' dir='ltr'>parte</span> <span class='ocrx_word' id='word_1_268' title='bbox 1626 1487 1845 1522; x_wconf 76' lang='lat' dir='ltr'>Achradinae</span> <span class='ocrx_word' id='word_1_269' title='bbox 1881 1488 2147 1531; x_wconf 85' lang='lat' dir='ltr'>septentrionali</span> <span class='ocrx_word' id='word_1_270' title='bbox 2172 1490 2206 1522; x_wconf 92' lang='lat' dir='ltr'>et</span> <span class='ocrx_word' id='word_1_271' title='bbox 2228 1488 2397 1530; x_wconf 87' lang='lat' dir='ltr'>orientali,</span> <span class='ocrx_word' id='word_1_272' title='bbox 2432 1499 2525 1533; x_wconf 89' lang='lat' dir='ltr'>quae</span> 
     </span>
     <span class='ocr_line' id='line_1_22' title="bbox 139 1542 2525 1588; baseline 0 -10"><span class='ocrx_word' id='word_1_273' title='bbox 139 1544 271 1588; x_wconf 91' lang='lat' dir='ltr'>ubique</span> <span class='ocrx_word' id='word_1_274' title='bbox 297 1543 351 1578; x_wconf 92' lang='lat' dir='ltr'>his</span> <span class='ocrx_word' id='word_1_275' title='bbox 375 1543 596 1588; x_wconf 87' lang='lat' dir='ltr'>temporibus</span> <span class='ocrx_word' id='word_1_276' title='bbox 625 1544 754 1578; x_wconf 82' lang='lat'>14-20</span> <span class='ocrx_word' id='word_1_277' title='bbox 778 1553 812 1578; x_wconf 93' lang='lat' dir='ltr'>m</span> <span class='ocrx_word' id='word_1_278' title='bbox 837 1554 857 1579; x_wconf 91' lang='lat' dir='ltr'>e</span> <span class='ocrx_word' id='word_1_279' title='bbox 882 1544 969 1578; x_wconf 92' lang='lat' dir='ltr'>mari</span> <span class='ocrx_word' id='word_1_280' title='bbox 993 1543 1103 1579; x_wconf 90' lang='lat' dir='ltr'>ardue</span> <span class='ocrx_word' id='word_1_281' title='bbox 1128 1543 1270 1586; x_wconf 89' lang='lat' dir='ltr'>eminet,</span> <span class='ocrx_word' id='word_1_282' title='bbox 1296 1543 1373 1578; x_wconf 87' lang='lat' dir='ltr'>loca</span> <span class='ocrx_word' id='word_1_283' title='bbox 1396 1543 1531 1588; x_wconf 87' lang='lat' dir='ltr'>aliquot</span> <span class='ocrx_word' id='word_1_284' title='bbox 1553 1542 1665 1578; x_wconf 80' lang='lat' dir='ltr'>tuisse</span> <span class='ocrx_word' id='word_1_285' title='bbox 1688 1543 1864 1587; x_wconf 86' lang='lat' dir='ltr'>opinatur,</span> <span class='ocrx_word' id='word_1_286' title='bbox 1888 1543 1948 1578; x_wconf 89' lang='lat' dir='ltr'>ubi</span> <span class='ocrx_word' id='word_1_287' title='bbox 1972 1553 2095 1578; x_wconf 89' lang='lat' dir='ltr'>murus</span> <span class='ocrx_word' id='word_1_288' title='bbox 2120 1552 2191 1577; x_wconf 92' lang='lat' dir='ltr'>non</span> <span class='ocrx_word' id='word_1_289' title='bbox 2211 1543 2353 1588; x_wconf 87' lang='lat' dir='ltr'>rupibus</span> <span class='ocrx_word' id='word_1_290' title='bbox 2378 1544 2525 1579; x_wconf 77' lang='lat' dir='ltr'>iniectus</span> 
     </span>
     <span class='ocr_line' id='line_1_23' title="bbox 140 1593 2526 1644; baseline 0 -10"><span class='ocrx_word' id='word_1_291' title='bbox 140 1600 203 1634; x_wconf 91' lang='lat' dir='ltr'>sed</span> <span class='ocrx_word' id='word_1_292' title='bbox 238 1600 325 1634; x_wconf 82' lang='lat' dir='ltr'>intra</span> <span class='ocrx_word' id='word_1_293' title='bbox 359 1600 393 1634; x_wconf 91' lang='lat' dir='ltr'>in</span> <span class='ocrx_word' id='word_1_294' title='bbox 426 1610 489 1634; x_wconf 92' lang='lat' dir='ltr'>ora</span> <span class='ocrx_word' id='word_1_295' title='bbox 521 1600 598 1643; x_wconf 87' lang='lat' dir='ltr'>ipsa</span> <span class='ocrx_word' id='word_1_296' title='bbox 632 1602 830 1640; x_wconf 79' lang='lat' dir='ltr'>exstructus</span> <span class='ocrx_word' id='word_1_297' title='bbox 864 1602 978 1642; x_wconf 89' lang='lat' dir='ltr'>esset;</span> <span class='ocrx_word' id='word_1_298' title='bbox 1014 1610 1107 1644; x_wconf 89' lang='lat' dir='ltr'>quae</span> <span class='ocrx_word' id='word_1_299' title='bbox 1139 1600 1217 1635; x_wconf 88' lang='lat' dir='ltr'>loca</span> <span class='ocrx_word' id='word_1_300' title='bbox 1249 1600 1429 1644; x_wconf 89' lang='lat' dir='ltr'>paullatim</span> <span class='ocrx_word' id='word_1_301' title='bbox 1465 1593 1550 1634; x_wconf 80' lang='lat' dir='ltr'>mari</span> <span class='ocrx_word' id='word_1_302' title='bbox 1583 1609 1691 1643; x_wconf 86' lang='lat' dir='ltr'>posse</span> <span class='ocrx_word' id='word_1_303' title='bbox 1715 1599 1880 1634; x_wconf 88' lang='lat' dir='ltr'>devorata</span> <span class='ocrx_word' id='word_1_304' title='bbox 1907 1609 1999 1634; x_wconf 90' lang='lat' dir='ltr'>esse.</span> <span class='ocrx_word' id='word_1_305' title='bbox 2024 1601 2059 1633; x_wconf 86' lang='lat' dir='ltr'>at</span> <span class='ocrx_word' id='word_1_306' title='bbox 2083 1599 2160 1643; x_wconf 87' lang='lat' dir='ltr'>ipsa</span> <span class='ocrx_word' id='word_1_307' title='bbox 2185 1598 2410 1634; x_wconf 74' lang='lat' dir='ltr'>fundamenta</span> <span class='ocrx_word' id='word_1_308' title='bbox 2433 1600 2526 1634; x_wconf 85' lang='lat' dir='ltr'>illius</span> 
     </span>
     <span class='ocr_line' id='line_1_24' title="bbox 140 1655 2526 1701; baseline 0 -12"><span class='ocrx_word' id='word_1_309' title='bbox 140 1656 227 1690; x_wconf 89' lang='lat' dir='ltr'>muri</span> <span class='ocrx_word' id='word_1_310' title='bbox 254 1655 326 1690; x_wconf 86' lang='lat' dir='ltr'>iere</span> <span class='ocrx_word' id='word_1_311' title='bbox 350 1656 472 1690; x_wconf 91' lang='lat' dir='ltr'>omnia</span> <span class='ocrx_word' id='word_1_312' title='bbox 496 1655 542 1690; x_wconf 89' lang='lat' dir='ltr'>ita</span> <span class='ocrx_word' id='word_1_313' title='bbox 566 1659 703 1690; x_wconf 91' lang='lat' dir='ltr'>servata</span> <span class='ocrx_word' id='word_1_314' title='bbox 728 1658 819 1697; x_wconf 92' lang='lat' dir='ltr'>sunt,</span> <span class='ocrx_word' id='word_1_315' title='bbox 845 1660 882 1690; x_wconf 92' lang='lat' dir='ltr'>ut</span> <span class='ocrx_word' id='word_1_316' title='bbox 906 1656 940 1690; x_wconf 90' lang='lat' dir='ltr'>in</span> <span class='ocrx_word' id='word_1_317' title='bbox 965 1656 1116 1690; x_wconf 90' lang='lat' dir='ltr'>summis</span> <span class='ocrx_word' id='word_1_318' title='bbox 1141 1655 1286 1700; x_wconf 87' lang='lat' dir='ltr'>rupibus</span> <span class='ocrx_word' id='word_1_319' title='bbox 1312 1655 1543 1690; x_wconf 86' lang='lat' dir='ltr'>inveniantur.</span> <span class='ocrx_word' id='word_1_320' title='bbox 1567 1655 1608 1689; x_wconf 81' lang='lat' dir='ltr'>cf.</span> <span class='ocrx_word' id='word_1_321' title='bbox 1628 1655 1836 1701; x_wconf 89' lang='lat' dir='ltr'>Schubring.</span> <span class='ocrx_word' id='word_1_322' title='bbox 1860 1655 2076 1696; x_wconf 80' lang='lat' dir='ltr'>(Achradina</span> <span class='ocrx_word' id='word_1_323' title='bbox 2100 1655 2119 1689; x_wconf 92' lang='grc'>1.</span> <span class='ocrx_word' id='word_1_324' title='bbox 2140 1655 2160 1689; x_wconf 95' lang='grc'>1.</span> <span class='ocrx_word' id='word_1_325' title='bbox 2181 1666 2213 1699; x_wconf 88' lang='lat' dir='ltr'>p.</span> <span class='ocrx_word' id='word_1_326' title='bbox 2231 1656 2299 1698; x_wconf 89' lang='lat'>55),</span> <span class='ocrx_word' id='word_1_327' title='bbox 2334 1656 2394 1700; x_wconf 89' lang='lat' dir='ltr'>qui</span> <span class='ocrx_word' id='word_1_328' title='bbox 2425 1655 2526 1691; x_wconf 83' lang='lat' dir='ltr'>dicit:</span> 
     </span>
     <span class='ocr_line' id='line_1_25' title="bbox 140 1711 2523 1755; baseline 0 -9"><span class='ocrx_word' id='word_1_329' title='bbox 140 1711 229 1754; x_wconf 90' lang='lat' dir='ltr'>„Die</span> <span class='ocrx_word' id='word_1_330' title='bbox 265 1712 445 1746; x_wconf 80' lang='lat' dir='ltr'>Felskiiste</span> <span class='ocrx_word' id='word_1_331' title='bbox 478 1712 521 1746; x_wconf 92' lang='lat' dir='ltr'>ist</span> <span class='ocrx_word' id='word_1_332' title='bbox 555 1712 630 1746; x_wconf 90' lang='lat' dir='ltr'>hier</span> <span class='ocrx_word' id='word_1_333' title='bbox 658 1712 726 1745; x_wconf 91' lang='lat' dir='ltr'>wie</span> <span class='ocrx_word' id='word_1_334' title='bbox 760 1722 804 1746; x_wconf 92' lang='lat' dir='ltr'>an</span> <span class='ocrx_word' id='word_1_335' title='bbox 837 1712 901 1746; x_wconf 90' lang='lat' dir='ltr'>der</span> <span class='ocrx_word' id='word_1_336' title='bbox 932 1722 1069 1755; x_wconf 88' lang='lat' dir='ltr'>ganzen</span> <span class='ocrx_word' id='word_1_337' title='bbox 1103 1712 1274 1746; x_wconf 72' lang='lat' dir='ltr'>fistiichen</span> <span class='ocrx_word' id='word_1_338' title='bbox 1301 1712 1394 1746; x_wconf 87' lang='lat' dir='ltr'>Seite</span> <span class='ocrx_word' id='word_1_339' title='bbox 1427 1712 1481 1746; x_wconf 94' lang='lat' dir='ltr'>bis</span> <span class='ocrx_word' id='word_1_340' title='bbox 1515 1721 1575 1745; x_wconf 91' lang='lat' dir='ltr'>zur</span> <span class='ocrx_word' id='word_1_341' title='bbox 1600 1712 1691 1746; x_wconf 85' lang='lat' dir='ltr'>Ecke</span> <span class='ocrx_word' id='word_1_342' title='bbox 1721 1712 1785 1745; x_wconf 89' lang='lat' dir='ltr'>des</span> <span class='ocrx_word' id='word_1_343' title='bbox 1818 1711 1957 1745; x_wconf 85' lang='lat' dir='ltr'>kleinen</span> <span class='ocrx_word' id='word_1_344' title='bbox 1985 1711 2123 1745; x_wconf 81' lang='lat' dir='ltr'>Hatens</span> <span class='ocrx_word' id='word_1_345' title='bbox 2147 1721 2234 1755; x_wconf 86' lang='lat' dir='ltr'>ganz</span> <span class='ocrx_word' id='word_1_346' title='bbox 2257 1711 2441 1746; x_wconf 89' lang='lat' dir='ltr'>senkrecht</span> <span class='ocrx_word' id='word_1_347' title='bbox 2464 1712 2523 1747; x_wconf 86' lang='lat' dir='ltr'>ab·</span> 
     </span>
     <span class='ocr_line' id='line_1_26' title="bbox 138 1766 2525 1811; baseline 0 -10"><span class='ocrx_word' id='word_1_348' title='bbox 138 1768 359 1810; x_wconf 87' lang='lat' dir='ltr'>geschnitten</span> <span class='ocrx_word' id='word_1_349' title='bbox 385 1794 392 1801; x_wconf 96' lang='lat'>.</span> <span class='ocrx_word' id='word_1_350' title='bbox 419 1795 426 1802; x_wconf 95' lang='lat'>.</span> <span class='ocrx_word' id='word_1_351' title='bbox 452 1794 492 1801; x_wconf 94' lang='lat'>..</span> <span class='ocrx_word' id='word_1_352' title='bbox 554 1767 600 1801; x_wconf 83' lang='lat' dir='ltr'>Es</span> <span class='ocrx_word' id='word_1_353' title='bbox 636 1768 680 1801; x_wconf 90' lang='lat' dir='ltr'>ist</span> <span class='ocrx_word' id='word_1_354' title='bbox 714 1768 918 1811; x_wconf 70' lang='lat' dir='ltr'>unmoglich</span> <span class='ocrx_word' id='word_1_355' title='bbox 954 1768 1075 1801; x_wconf 87' lang='lat' dir='ltr'>weder</span> <span class='ocrx_word' id='word_1_356' title='bbox 1110 1778 1153 1801; x_wconf 91' lang='lat' dir='ltr'>zu</span> <span class='ocrx_word' id='word_1_357' title='bbox 1188 1767 1317 1801; x_wconf 91' lang='lat' dir='ltr'>landen</span> <span class='ocrx_word' id='word_1_358' title='bbox 1353 1767 1444 1801; x_wconf 91' lang='lat' dir='ltr'>noch</span> <span class='ocrx_word' id='word_1_359' title='bbox 1481 1767 1539 1800; x_wconf 93' lang='lat' dir='ltr'>die</span> <span class='ocrx_word' id='word_1_360' title='bbox 1575 1767 1681 1801; x_wconf 78' lang='grc' dir='ltr'>Ηόὴε</span> <span class='ocrx_word' id='word_1_361' title='bbox 1717 1777 1758 1800; x_wconf 92' lang='lat' dir='ltr'>zu</span> <span class='ocrx_word' id='word_1_362' title='bbox 1795 1767 2002 1800; x_wconf 90' lang='lat' dir='ltr'>erklimmen</span> <span class='ocrx_word' id='word_1_363' title='bbox 2029 1793 2035 1800; x_wconf 95' lang='lat'>.</span> <span class='ocrx_word' id='word_1_364' title='bbox 2062 1793 2069 1800; x_wconf 96' lang='lat'>.</span> <span class='ocrx_word' id='word_1_365' title='bbox 2095 1794 2102 1800; x_wconf 95' lang='lat'>.</span> <span class='ocrx_word' id='word_1_366' title='bbox 2130 1793 2136 1800; x_wconf 96' lang='lat'>.</span> <span class='ocrx_word' id='word_1_367' title='bbox 2195 1767 2259 1800; x_wconf 93' lang='lat' dir='ltr'>Die</span> <span class='ocrx_word' id='word_1_368' title='bbox 2294 1767 2400 1801; x_wconf 89' lang='lat' dir='ltr'>heute</span> <span class='ocrx_word' id='word_1_369' title='bbox 2432 1766 2525 1801; x_wconf 92' lang='lat' dir='ltr'>noch</span> 
     </span>
     <span class='ocr_line' id='line_1_27' title="bbox 138 1821 2525 1868; baseline -0 -10"><span class='ocrx_word' id='word_1_370' title='bbox 138 1823 312 1858; x_wconf 88' lang='lat' dir='ltr'>sichtbare</span> <span class='ocrx_word' id='word_1_371' title='bbox 350 1823 621 1868; x_wconf 87' lang='lat' dir='ltr'>Ummauerung</span> <span class='ocrx_word' id='word_1_372' title='bbox 655 1833 724 1858; x_wconf 92' lang='lat' dir='ltr'>von</span> <span class='ocrx_word' id='word_1_373' title='bbox 761 1822 959 1858; x_wconf 80' lang='lat' dir='ltr'>Achradina</span> <span class='ocrx_word' id='word_1_374' title='bbox 984 1850 991 1858; x_wconf 87' lang='lat'>.</span> <span class='ocrx_word' id='word_1_375' title='bbox 1017 1850 1025 1858; x_wconf 94' lang='lat'>.</span> <span class='ocrx_word' id='word_1_376' title='bbox 1051 1850 1059 1858; x_wconf 96' lang='lat'>.</span> <span class='ocrx_word' id='word_1_377' title='bbox 1084 1850 1091 1858; x_wconf 89' lang='lat'>.</span> <span class='ocrx_word' id='word_1_378' title='bbox 1128 1823 1214 1868; x_wconf 89' lang='lat' dir='ltr'>geht</span> <span class='ocrx_word' id='word_1_379' title='bbox 1245 1823 1305 1858; x_wconf 81' lang='lat' dir='ltr'>aui</span> <span class='ocrx_word' id='word_1_380' title='bbox 1337 1823 1419 1857; x_wconf 90' lang='lat' dir='ltr'>dem</span> <span class='ocrx_word' id='word_1_381' title='bbox 1453 1821 1645 1857; x_wconf 73' lang='lat' dir='ltr'>aussersten</span> <span class='ocrx_word' id='word_1_382' title='bbox 1672 1821 1793 1859; x_wconf 79' lang='lat' dir='ltr'>Raude</span> <span class='ocrx_word' id='word_1_383' title='bbox 1819 1822 1895 1857; x_wconf 90' lang='lat' dir='ltr'>hart</span> <span class='ocrx_word' id='word_1_384' title='bbox 1918 1832 1976 1856; x_wconf 89' lang='lat' dir='ltr'>am</span> <span class='ocrx_word' id='word_1_385' title='bbox 2003 1821 2195 1867; x_wconf 84' lang='lat' dir='ltr'>Abgrunde</span> <span class='ocrx_word' id='word_1_386' title='bbox 2219 1822 2289 1865; x_wconf 89' lang='lat' dir='ltr'>hin,</span> <span class='ocrx_word' id='word_1_387' title='bbox 2318 1822 2408 1867; x_wconf 81' lang='lat' dir='ltr'>folgt</span> <span class='ocrx_word' id='word_1_388' title='bbox 2432 1822 2525 1857; x_wconf 87' lang='lat' dir='ltr'>allen</span> 
     </span>
     <span class='ocr_line' id='line_1_28' title="bbox 141 1878 2524 1922; baseline -0 -10"><span class='ocrx_word' id='word_1_389' title='bbox 141 1879 421 1921; x_wconf 78' lang='lat' dir='ltr'>Krfimmungen,</span> <span class='ocrx_word' id='word_1_390' title='bbox 456 1879 713 1922; x_wconf 86' lang='lat' dir='ltr'>Vorspriingen</span> <span class='ocrx_word' id='word_1_391' title='bbox 749 1879 821 1912; x_wconf 89' lang='lat' dir='ltr'>und</span> <span class='ocrx_word' id='word_1_392' title='bbox 861 1879 1101 1912; x_wconf 83' lang='lat' dir='ltr'>Einschnitten</span> <span class='ocrx_word' id='word_1_393' title='bbox 1137 1879 1201 1912; x_wconf 91' lang='lat' dir='ltr'>der</span> <span class='ocrx_word' id='word_1_394' title='bbox 1237 1879 1358 1921; x_wconf 81' lang='lat' dir='ltr'>Kiiste,</span> <span class='ocrx_word' id='word_1_395' title='bbox 1394 1879 1451 1912; x_wconf 90' lang='lat' dir='ltr'>ein</span> <span class='ocrx_word' id='word_1_396' title='bbox 1493 1879 1663 1921; x_wconf 85' lang='lat' dir='ltr'>Zeugnis,</span> <span class='ocrx_word' id='word_1_397' title='bbox 1699 1879 1770 1912; x_wconf 90' lang='lat' dir='ltr'>dass</span> <span class='ocrx_word' id='word_1_398' title='bbox 1805 1878 1868 1912; x_wconf 89' lang='lat' dir='ltr'>der</span> <span class='ocrx_word' id='word_1_399' title='bbox 1905 1878 2032 1912; x_wconf 86' lang='lat' dir='ltr'>Umriss</span> <span class='ocrx_word' id='word_1_400' title='bbox 2073 1879 2256 1912; x_wconf 89' lang='lat' dir='ltr'>derselben</span> <span class='ocrx_word' id='word_1_401' title='bbox 2291 1879 2373 1921; x_wconf 74' lang='lat' dir='ltr'>ietzt</span> <span class='ocrx_word' id='word_1_402' title='bbox 2407 1888 2524 1921; x_wconf 84' lang='lat' dir='ltr'>genau</span> 
     </span>
     <span class='ocr_line' id='line_1_29' title="bbox 139 1934 779 1977; baseline 0.002 -9"><span class='ocrx_word' id='word_1_403' title='bbox 139 1934 302 1968; x_wconf 90' lang='lat' dir='ltr'>derselbe</span> <span class='ocrx_word' id='word_1_404' title='bbox 328 1934 383 1977; x_wconf 91' lang='lat' dir='ltr'>ist,</span> <span class='ocrx_word' id='word_1_405' title='bbox 406 1935 475 1969; x_wconf 92' lang='lat' dir='ltr'>wie</span> <span class='ocrx_word' id='word_1_406' title='bbox 500 1934 547 1968; x_wconf 93' lang='lat' dir='ltr'>im</span> <span class='ocrx_word' id='word_1_407' title='bbox 573 1935 779 1969; x_wconf 82' lang='lat' dir='ltr'>Altertum.‘⁸</span> 
     </span>
    </p>

    <p class='ocr_par' dir='ltr' id='par_1_6' title="bbox 136 1988 2529 2652">
     <span class='ocr_line' id='line_1_30' title="bbox 338 1988 2525 2035; baseline 0 -11"><span class='ocrx_word' id='word_1_408' title='bbox 338 1990 458 2030; x_wconf 89' lang='lat' dir='ltr'>Quare</span> <span class='ocrx_word' id='word_1_409' title='bbox 483 2000 562 2024; x_wconf 91' lang='lat' dir='ltr'>cum</span> <span class='ocrx_word' id='word_1_410' title='bbox 589 1990 623 2024; x_wconf 92' lang='lat' dir='ltr'>in</span> <span class='ocrx_word' id='word_1_411' title='bbox 649 1990 870 2024; x_wconf 91' lang='lat' dir='ltr'>Achradinae</span> <span class='ocrx_word' id='word_1_412' title='bbox 904 1990 1169 2034; x_wconf 88' lang='lat' dir='ltr'>septentrionali</span> <span class='ocrx_word' id='word_1_413' title='bbox 1203 1993 1237 2024; x_wconf 95' lang='lat' dir='ltr'>et</span> <span class='ocrx_word' id='word_1_414' title='bbox 1269 1990 1429 2025; x_wconf 86' lang='lat' dir='ltr'>orientali</span> <span class='ocrx_word' id='word_1_415' title='bbox 1453 1992 1552 2035; x_wconf 91' lang='lat' dir='ltr'>parte</span> <span class='ocrx_word' id='word_1_416' title='bbox 1586 1990 1684 2024; x_wconf 90' lang='lat' dir='ltr'>locus</span> <span class='ocrx_word' id='word_1_417' title='bbox 1710 2000 1781 2024; x_wconf 93' lang='lat' dir='ltr'>non</span> <span class='ocrx_word' id='word_1_418' title='bbox 1806 1990 2013 2032; x_wconf 89' lang='lat' dir='ltr'>inveniatur,</span> <span class='ocrx_word' id='word_1_419' title='bbox 2037 1990 2096 2033; x_wconf 89' lang='lat' dir='ltr'>qui</span> <span class='ocrx_word' id='word_1_420' title='bbox 2122 1989 2163 2023; x_wconf 92' lang='lat' dir='ltr'>ad</span> <span class='ocrx_word' id='word_1_421' title='bbox 2188 1989 2244 2023; x_wconf 92' lang='lat' dir='ltr'>illa</span> <span class='ocrx_word' id='word_1_422' title='bbox 2271 1988 2392 2034; x_wconf 84' lang='lat' dir='ltr'>Polybi</span> <span class='ocrx_word' id='word_1_423' title='bbox 2416 1990 2525 2024; x_wconf 85' lang='lat' dir='ltr'>verba</span> 
     </span>
     <span class='ocr_line' id='line_1_31' title="bbox 139 2045 2526 2091; baseline 0 -12"><span class='ocrx_word' id='word_1_424' title='bbox 139 2050 295 2088; x_wconf 71' lang='grc' dir='ltr'>ἐπάὐτῆς</span> <span class='ocrx_word' id='word_1_425' title='bbox 332 2053 390 2089; x_wconf 77' lang='grc' dir='ltr'>τῆς</span> <span class='ocrx_word' id='word_1_426' title='bbox 422 2051 586 2090; x_wconf 77' lang='grc' dir='ltr'>κρηπῖδος</span> <span class='ocrx_word' id='word_1_427' title='bbox 610 2052 702 2089; x_wconf 82' lang='grc' dir='ltr'>παρὰ</span> <span class='ocrx_word' id='word_1_428' title='bbox 726 2051 901 2081; x_wconf 71' lang='grc' dir='ltr'><strong>θάλατταν</strong></span> <span class='ocrx_word' id='word_1_429' title='bbox 934 2050 1037 2091; x_wconf 90' lang='lat' dir='ltr'>aptus</span> <span class='ocrx_word' id='word_1_430' title='bbox 1062 2050 1115 2082; x_wconf 87' lang='lat' dir='ltr'>est</span> <span class='ocrx_word' id='word_1_431' title='bbox 1148 2068 1189 2072; x_wconf 88' lang='lat'>-—</span> <span class='ocrx_word' id='word_1_432' title='bbox 1224 2058 1304 2081; x_wconf 92' lang='lat' dir='ltr'>nam</span> <span class='ocrx_word' id='word_1_433' title='bbox 1339 2048 1455 2090; x_wconf 85' lang='lat' dir='ltr'>portui</span> <span class='ocrx_word' id='word_1_434' title='bbox 1489 2047 1615 2081; x_wconf 90' lang='lat' dir='ltr'>minori</span> <span class='ocrx_word' id='word_1_435' title='bbox 1649 2057 1759 2091; x_wconf 86' lang='lat' dir='ltr'>agger</span> <span class='ocrx_word' id='word_1_436' title='bbox 1791 2046 1968 2090; x_wconf 88' lang='lat' dir='ltr'>praesidio</span> <span class='ocrx_word' id='word_1_437' title='bbox 1993 2049 2076 2089; x_wconf 89' lang='lat' dir='ltr'>erat,</span> <span class='ocrx_word' id='word_1_438' title='bbox 2111 2046 2149 2080; x_wconf 81' lang='lat' dir='ltr'>ct.</span> <span class='ocrx_word' id='word_1_439' title='bbox 2171 2046 2296 2090; x_wconf 84' lang='lat' dir='ltr'>Lupus,</span> <span class='ocrx_word' id='word_1_440' title='bbox 2337 2046 2394 2080; x_wconf 89' lang='lat' dir='ltr'>die</span> <span class='ocrx_word' id='word_1_441' title='bbox 2427 2045 2526 2081; x_wconf 90' lang='lat' dir='ltr'>Stadt</span> 
     </span>
     <span class='ocr_line' id='line_1_32' title="bbox 138 2101 2525 2146; baseline -0 -10"><span class='ocrx_word' id='word_1_442' title='bbox 138 2101 288 2145; x_wconf 87' lang='lat' dir='ltr'>Syrakus</span> <span class='ocrx_word' id='word_1_443' title='bbox 325 2122 364 2126; x_wconf 88' lang='lat'>--</span> <span class='ocrx_word' id='word_1_444' title='bbox 401 2103 529 2137; x_wconf 92' lang='lat' dir='ltr'>nulla</span> <span class='ocrx_word' id='word_1_445' title='bbox 565 2103 678 2137; x_wconf 93' lang='lat' dir='ltr'>muri</span> <span class='ocrx_word' id='word_1_446' title='bbox 721 2113 827 2146; x_wconf 89' lang='lat' dir='ltr'>pars</span> <span class='ocrx_word' id='word_1_447' title='bbox 864 2103 1160 2138; x_wconf 89' lang='lat' dir='ltr'>Achradinae</span> <span class='ocrx_word' id='word_1_448' title='bbox 1196 2104 1282 2144; x_wconf 92' lang='lat' dir='ltr'>est,</span> <span class='ocrx_word' id='word_1_449' title='bbox 1325 2102 1461 2137; x_wconf 89' lang='lat' dir='ltr'>cuius</span> <span class='ocrx_word' id='word_1_450' title='bbox 1503 2102 1736 2136; x_wconf 91' lang='lat' dir='ltr'>rationem</span> <span class='ocrx_word' id='word_1_451' title='bbox 1779 2102 2043 2145; x_wconf 85' lang='lat' dir='ltr'>habeamus,</span> <span class='ocrx_word' id='word_1_452' title='bbox 2085 2102 2172 2136; x_wconf 91' lang='lat' dir='ltr'>nisi</span> <span class='ocrx_word' id='word_1_453' title='bbox 2208 2112 2274 2143; x_wconf 90' lang='lat' dir='ltr'>ea,</span> <span class='ocrx_word' id='word_1_454' title='bbox 2314 2112 2431 2145; x_wconf 85' lang='lat' dir='ltr'>quae</span> <span class='ocrx_word' id='word_1_455' title='bbox 2472 2102 2525 2136; x_wconf 93' lang='lat' dir='ltr'>ad</span> 
     </span>
     <span class='ocr_line' id='line_1_33' title="bbox 138 2157 2527 2204; baseline 0 -14"><span class='ocrx_word' id='word_1_456' title='bbox 138 2160 320 2201; x_wconf 91' lang='lat' dir='ltr'>portum</span> <span class='ocrx_word' id='word_1_457' title='bbox 357 2168 569 2202; x_wconf 90' lang='lat' dir='ltr'>magnum</span> <span class='ocrx_word' id='word_1_458' title='bbox 606 2159 698 2193; x_wconf 90' lang='lat' dir='ltr'>sita</span> <span class='ocrx_word' id='word_1_459' title='bbox 734 2162 842 2193; x_wconf 90' lang='lat' dir='ltr'>erat.</span> <span class='ocrx_word' id='word_1_460' title='bbox 868 2169 960 2203; x_wconf 91' lang='lat' dir='ltr'>quae</span> <span class='ocrx_word' id='word_1_461' title='bbox 985 2159 1073 2193; x_wconf 91' lang='lat' dir='ltr'>muri</span> <span class='ocrx_word' id='word_1_462' title='bbox 1099 2169 1179 2204; x_wconf 92' lang='lat' dir='ltr'>pars</span> <span class='ocrx_word' id='word_1_463' title='bbox 1204 2162 1361 2193; x_wconf 92' lang='lat' dir='ltr'>veterum</span> <span class='ocrx_word' id='word_1_464' title='bbox 1387 2161 1502 2193; x_wconf 88' lang='lat' dir='ltr'>aetate</span> <span class='ocrx_word' id='word_1_465' title='bbox 1534 2159 1677 2202; x_wconf 84' lang='lat' dir='ltr'>longior</span> <span class='ocrx_word' id='word_1_466' title='bbox 1708 2161 1781 2192; x_wconf 90' lang='lat' dir='ltr'>erat</span> <span class='ocrx_word' id='word_1_467' title='bbox 1814 2168 1921 2202; x_wconf 90' lang='lat' dir='ltr'>quam</span> <span class='ocrx_word' id='word_1_468' title='bbox 1957 2168 2023 2192; x_wconf 92' lang='lat' dir='ltr'>nos</span> <span class='ocrx_word' id='word_1_469' title='bbox 2056 2158 2088 2192; x_wconf 92' lang='lat' dir='ltr'>in</span> <span class='ocrx_word' id='word_1_470' title='bbox 2122 2157 2248 2192; x_wconf 90' lang='lat' dir='ltr'>nostris</span> <span class='ocrx_word' id='word_1_471' title='bbox 2272 2157 2400 2192; x_wconf 88' lang='lat' dir='ltr'>tabulis</span> <span class='ocrx_word' id='word_1_472' title='bbox 2424 2159 2527 2201; x_wconf 91' lang='lat' dir='ltr'>topo-</span> 
     </span>
     <span class='ocr_line' id='line_1_34' title="bbox 136 2213 2525 2259; baseline 0 -13"><span class='ocrx_word' id='word_1_473' title='bbox 136 2213 312 2257; x_wconf 88' lang='lat' dir='ltr'>graphicis</span> <span class='ocrx_word' id='word_1_474' title='bbox 336 2214 510 2257; x_wconf 91' lang='lat' dir='ltr'>videmus,</span> <span class='ocrx_word' id='word_1_475' title='bbox 543 2215 626 2258; x_wconf 90' lang='lat' dir='ltr'>quia</span> <span class='ocrx_word' id='word_1_476' title='bbox 659 2217 782 2258; x_wconf 91' lang='lat' dir='ltr'>portus</span> <span class='ocrx_word' id='word_1_477' title='bbox 814 2225 966 2259; x_wconf 89' lang='lat' dir='ltr'>magnus</span> <span class='ocrx_word' id='word_1_478' title='bbox 1000 2215 1111 2249; x_wconf 90' lang='lat' dir='ltr'>multo</span> <span class='ocrx_word' id='word_1_479' title='bbox 1144 2215 1286 2258; x_wconf 88' lang='lat' dir='ltr'>longius</span> <span class='ocrx_word' id='word_1_480' title='bbox 1320 2215 1365 2249; x_wconf 93' lang='lat' dir='ltr'>ad</span> <span class='ocrx_word' id='word_1_481' title='bbox 1390 2214 1668 2258; x_wconf 88' lang='lat' dir='ltr'>septentrionem</span> <span class='ocrx_word' id='word_1_482' title='bbox 1695 2214 1904 2258; x_wconf 85' lang='lat' dir='ltr'>pertinebat,</span> <span class='ocrx_word' id='word_1_483' title='bbox 1929 2213 1971 2248; x_wconf 79' lang='lat' dir='ltr'>ci.</span> <span class='ocrx_word' id='word_1_484' title='bbox 1993 2213 2077 2258; x_wconf 88' lang='lat' dir='ltr'>Lupi</span> <span class='ocrx_word' id='word_1_485' title='bbox 2102 2224 2157 2257; x_wconf 90' lang='lat' dir='ltr'>pg.</span> <span class='ocrx_word' id='word_1_486' title='bbox 2176 2213 2229 2247; x_wconf 87' lang='lat'>21.</span> <span class='ocrx_word' id='word_1_487' title='bbox 2253 2222 2380 2247; x_wconf 91' lang='lat' dir='ltr'>omnes</span> <span class='ocrx_word' id='word_1_488' title='bbox 2405 2215 2525 2248; x_wconf 84' lang='lat' dir='ltr'>tamen</span> 
     </span>
     <span class='ocr_line' id='line_1_35' title="bbox 137 2268 2526 2315; baseline 0 -13"><span class='ocrx_word' id='word_1_489' title='bbox 137 2268 197 2303; x_wconf 91' lang='lat' dir='ltr'>viri</span> <span class='ocrx_word' id='word_1_490' title='bbox 221 2269 315 2303; x_wconf 92' lang='lat' dir='ltr'>docti</span> <span class='ocrx_word' id='word_1_491' title='bbox 340 2272 478 2314; x_wconf 89' lang='lat' dir='ltr'>praeter</span> <span class='ocrx_word' id='word_1_492' title='bbox 501 2270 820 2306; x_wconf 84' lang='lat' dir='ltr'>Serradiialconem</span> <span class='ocrx_word' id='word_1_493' title='bbox 846 2271 909 2315; x_wconf 90' lang='lat' dir='ltr'>(Le</span> <span class='ocrx_word' id='word_1_494' title='bbox 934 2269 1100 2306; x_wconf 79' lang='lat' dir='ltr'>antichita</span> <span class='ocrx_word' id='word_1_495' title='bbox 1124 2271 1218 2306; x_wconf 92' lang='lat' dir='ltr'>della</span> <span class='ocrx_word' id='word_1_496' title='bbox 1241 2270 1357 2305; x_wconf 89' lang='lat' dir='ltr'>Sicilia</span> <span class='ocrx_word' id='word_1_497' title='bbox 1377 2271 1434 2313; x_wconf 82' lang='lat' dir='ltr'>lv,</span> <span class='ocrx_word' id='word_1_498' title='bbox 1461 2270 1636 2313; x_wconf 73' lang='lat' dir='ltr'>palemo,</span> <span class='ocrx_word' id='word_1_499' title='bbox 1658 2271 1743 2304; x_wconf 82' lang='lat'>1840</span> <span class='ocrx_word' id='word_1_500' title='bbox 1762 2281 1794 2315; x_wconf 88' lang='lat' dir='ltr'>p.</span> <span class='ocrx_word' id='word_1_501' title='bbox 1818 2270 1908 2313; x_wconf 88' lang='lat'>105),</span> <span class='ocrx_word' id='word_1_502' title='bbox 1933 2270 1992 2314; x_wconf 92' lang='lat' dir='ltr'>qui</span> <span class='ocrx_word' id='word_1_503' title='bbox 2017 2270 2098 2304; x_wconf 90' lang='lat' dir='ltr'>nihil</span> <span class='ocrx_word' id='word_1_504' title='bbox 2124 2269 2188 2303; x_wconf 90' lang='lat' dir='ltr'>nisi</span> <span class='ocrx_word' id='word_1_505' title='bbox 2214 2270 2280 2303; x_wconf 93' lang='lat' dir='ltr'>hoc</span> <span class='ocrx_word' id='word_1_506' title='bbox 2303 2268 2386 2303; x_wconf 92' lang='lat' dir='ltr'>dicit</span> <span class='ocrx_word' id='word_1_507' title='bbox 2410 2269 2526 2312; x_wconf 82' lang='lat' dir='ltr'>„dalle</span> 
     </span>
     <span class='ocr_line' id='line_1_36' title="bbox 139 2324 2526 2371; baseline 0.001 -14"><span class='ocrx_word' id='word_1_508' title='bbox 139 2326 235 2368; x_wconf 91' lang='lat' dir='ltr'>parte</span> <span class='ocrx_word' id='word_1_509' title='bbox 259 2324 294 2357; x_wconf 94' lang='lat' dir='ltr'>di</span> <span class='ocrx_word' id='word_1_510' title='bbox 329 2326 611 2368; x_wconf 87' lang='lat' dir='ltr'>mezzagiorn0‚“</span> <span class='ocrx_word' id='word_1_511' title='bbox 647 2326 853 2360; x_wconf 86' lang='lat' dir='ltr'>Marcellum</span> <span class='ocrx_word' id='word_1_512' title='bbox 890 2327 925 2360; x_wconf 91' lang='lat' dir='ltr'>in</span> <span class='ocrx_word' id='word_1_513' title='bbox 962 2329 1065 2371; x_wconf 89' lang='lat' dir='ltr'>portu</span> <span class='ocrx_word' id='word_1_514' title='bbox 1101 2336 1233 2370; x_wconf 89' lang='lat' dir='ltr'>magno</span> <span class='ocrx_word' id='word_1_515' title='bbox 1270 2336 1481 2370; x_wconf 85' lang='lat' dir='ltr'>aggressum</span> <span class='ocrx_word' id='word_1_516' title='bbox 1519 2336 1599 2360; x_wconf 92' lang='lat' dir='ltr'>esse</span> <span class='ocrx_word' id='word_1_517' title='bbox 1636 2328 1778 2369; x_wconf 88' lang='lat' dir='ltr'>negant,</span> <span class='ocrx_word' id='word_1_518' title='bbox 1815 2325 1952 2359; x_wconf 89' lang='lat' dir='ltr'>etiamsi</span> <span class='ocrx_word' id='word_1_519' title='bbox 1989 2326 2096 2358; x_wconf 89' lang='lat' dir='ltr'>iustas</span> <span class='ocrx_word' id='word_1_520' title='bbox 2132 2334 2255 2358; x_wconf 88' lang='lat' dir='ltr'>causas</span> <span class='ocrx_word' id='word_1_521' title='bbox 2290 2325 2347 2357; x_wconf 91' lang='lat' dir='ltr'>vix</span> <span class='ocrx_word' id='word_1_522' title='bbox 2385 2325 2526 2359; x_wconf 87' lang='lat' dir='ltr'>habent.</span> 
     </span>
     <span class='ocr_line' id='line_1_37' title="bbox 139 2379 2525 2427; baseline 0.001 -13"><span class='ocrx_word' id='word_1_523' title='bbox 139 2380 305 2415; x_wconf 81' lang='lat' dir='ltr'>Holmius</span> <span class='ocrx_word' id='word_1_524' title='bbox 329 2381 423 2415; x_wconf 91' lang='lat' dir='ltr'>enim</span> <span class='ocrx_word' id='word_1_525' title='bbox 457 2382 486 2416; x_wconf 91' lang='lat' dir='ltr'>si</span> <span class='ocrx_word' id='word_1_526' title='bbox 512 2382 557 2416; x_wconf 87' lang='grc' dir='ltr'>ΙΙΙ</span> <span class='ocrx_word' id='word_1_527' title='bbox 584 2393 616 2426; x_wconf 91' lang='lat' dir='ltr'>p.</span> <span class='ocrx_word' id='word_1_528' title='bbox 637 2384 680 2417; x_wconf 84' lang='lat'>54</span> <span class='ocrx_word' id='word_1_529' title='bbox 704 2383 804 2418; x_wconf 92' lang='lat' dir='ltr'>dicit:</span> <span class='ocrx_word' id='word_1_530' title='bbox 859 2383 977 2426; x_wconf 91' lang='lat' dir='ltr'>„Aber</span> <span class='ocrx_word' id='word_1_531' title='bbox 1017 2383 1063 2418; x_wconf 93' lang='lat' dir='ltr'>da</span> <span class='ocrx_word' id='word_1_532' title='bbox 1105 2382 1216 2427; x_wconf 85' lang='lat' dir='ltr'>Polyb</span> <span class='ocrx_word' id='word_1_533' title='bbox 1258 2381 1437 2425; x_wconf 88' lang='lat' dir='ltr'>berichtet‚</span> <span class='ocrx_word' id='word_1_534' title='bbox 1481 2381 1713 2417; x_wconf 88' lang='lat' dir='ltr'>Archimedes</span> <span class='ocrx_word' id='word_1_535' title='bbox 1755 2381 1846 2417; x_wconf 91' lang='lat' dir='ltr'>habe</span> <span class='ocrx_word' id='word_1_536' title='bbox 1885 2392 2002 2426; x_wconf 86' lang='lat' dir='ltr'>gegen</span> <span class='ocrx_word' id='word_1_537' title='bbox 2043 2381 2099 2416; x_wconf 90' lang='lat' dir='ltr'>die</span> <span class='ocrx_word' id='word_1_538' title='bbox 2140 2379 2350 2415; x_wconf 79' lang='lat' dir='ltr'>ieindlichen</span> <span class='ocrx_word' id='word_1_539' title='bbox 2392 2379 2525 2416; x_wconf 71' lang='lat' dir='ltr'>Schitte</span> 
     </span>
     <span class='ocr_line' id='line_1_38' title="bbox 137 2436 2526 2482; baseline -0 -11"><span class='ocrx_word' id='word_1_540' title='bbox 137 2436 345 2471; x_wconf 86' lang='lat' dir='ltr'>Maschinen</span> <span class='ocrx_word' id='word_1_541' title='bbox 379 2436 581 2482; x_wconf 79' lang='lat' dir='ltr'>autgestent</span> <span class='ocrx_word' id='word_1_542' title='bbox 614 2437 657 2482; x_wconf 83' lang='lat' dir='ltr'>je</span> <span class='ocrx_word' id='word_1_543' title='bbox 693 2439 831 2474; x_wconf 90' lang='lat' dir='ltr'>einen</span> <span class='ocrx_word' id='word_1_544' title='bbox 869 2438 1146 2474; x_wconf 84' lang='lat' dir='ltr'>Pieilschuss</span> <span class='ocrx_word' id='word_1_545' title='bbox 1182 2438 1307 2480; x_wconf 87' lang='lat' dir='ltr'>weit,</span> <span class='ocrx_word' id='word_1_546' title='bbox 1343 2438 1416 2473; x_wconf 93' lang='lat' dir='ltr'>und</span> <span class='ocrx_word' id='word_1_547' title='bbox 1449 2438 1506 2473; x_wconf 88' lang='lat' dir='ltr'>die</span> <span class='ocrx_word' id='word_1_548' title='bbox 1540 2437 1691 2480; x_wconf 89' lang='lat' dir='ltr'>Strecke,</span> <span class='ocrx_word' id='word_1_549' title='bbox 1725 2448 1784 2472; x_wconf 95' lang='lat' dir='ltr'>wo</span> <span class='ocrx_word' id='word_1_550' title='bbox 1808 2438 1866 2472; x_wconf 93' lang='lat' dir='ltr'>die</span> <span class='ocrx_word' id='word_1_551' title='bbox 1892 2438 2087 2472; x_wconf 86' lang='lat' dir='ltr'>Achradina</span> <span class='ocrx_word' id='word_1_552' title='bbox 2112 2437 2180 2471; x_wconf 90' lang='lat' dir='ltr'>den</span> <span class='ocrx_word' id='word_1_553' title='bbox 2207 2436 2323 2470; x_wconf 73' lang='lat' dir='ltr'>Hafen</span> <span class='ocrx_word' id='word_1_554' title='bbox 2349 2436 2526 2478; x_wconf 81' lang='lat' dir='ltr'>beriihrte,</span> 
     </span>
     <span class='ocr_line' id='line_1_39' title="bbox 137 2492 2529 2540; baseline 0 -13"><span class='ocrx_word' id='word_1_555' title='bbox 137 2493 288 2527; x_wconf 71' lang='lat' dir='ltr'>namlich</span> <span class='ocrx_word' id='word_1_556' title='bbox 312 2494 347 2527; x_wconf 89' lang='lat' dir='ltr'>in</span> <span class='ocrx_word' id='word_1_557' title='bbox 372 2493 436 2528; x_wconf 92' lang='lat' dir='ltr'>der</span> <span class='ocrx_word' id='word_1_558' title='bbox 453 2493 556 2528; x_wconf 70' lang='lat' dir='ltr'>Nahe</span> <span class='ocrx_word' id='word_1_559' title='bbox 581 2504 651 2528; x_wconf 92' lang='lat' dir='ltr'>von</span> <span class='ocrx_word' id='word_1_560' title='bbox 670 2494 828 2540; x_wconf 84' lang='lat' dir='ltr'>Ortygia,</span> <span class='ocrx_word' id='word_1_561' title='bbox 853 2496 947 2530; x_wconf 91' lang='lat' dir='ltr'>nicht</span> <span class='ocrx_word' id='word_1_562' title='bbox 966 2496 1055 2530; x_wconf 87' lang='lat' dir='ltr'>viele</span> <span class='ocrx_word' id='word_1_563' title='bbox 1076 2495 1411 2539; x_wconf 73' lang='lat' dir='ltr'>Pteilschusslangen</span> <span class='ocrx_word' id='word_1_564' title='bbox 1431 2495 1501 2538; x_wconf 86' lang='lat' dir='ltr'>hat,</span> <span class='ocrx_word' id='word_1_565' title='bbox 1526 2504 1568 2529; x_wconf 91' lang='lat' dir='ltr'>so</span> <span class='ocrx_word' id='word_1_566' title='bbox 1592 2494 1636 2529; x_wconf 90' lang='lat' dir='ltr'>ist</span> <span class='ocrx_word' id='word_1_567' title='bbox 1661 2495 1752 2529; x_wconf 91' lang='lat' dir='ltr'>doch</span> <span class='ocrx_word' id='word_1_568' title='bbox 1773 2494 1868 2528; x_wconf 91' lang='lat' dir='ltr'>wohl</span> <span class='ocrx_word' id='word_1_569' title='bbox 1894 2505 1937 2529; x_wconf 92' lang='lat' dir='ltr'>an</span> <span class='ocrx_word' id='word_1_570' title='bbox 1962 2494 2020 2528; x_wconf 90' lang='lat' dir='ltr'>die</span> <span class='ocrx_word' id='word_1_571' title='bbox 2039 2493 2205 2528; x_wconf 74' lang='lat' dir='ltr'>Ostksiste</span> <span class='ocrx_word' id='word_1_572' title='bbox 2228 2493 2292 2527; x_wconf 91' lang='lat' dir='ltr'>der</span> <span class='ocrx_word' id='word_1_573' title='bbox 2315 2492 2529 2535; x_wconf 86' lang='lat' dir='ltr'>Achradina,</span> 
     </span>
     <span class='ocr_line' id='line_1_40' title="bbox 136 2549 2526 2598; baseline 0 -15"><span class='ocrx_word' id='word_1_574' title='bbox 136 2559 180 2583; x_wconf 89' lang='lat' dir='ltr'>an</span> <span class='ocrx_word' id='word_1_575' title='bbox 213 2549 271 2583; x_wconf 92' lang='lat' dir='ltr'>die</span> <span class='ocrx_word' id='word_1_576' title='bbox 306 2549 416 2586; x_wconf 77' lang='lat' dir='ltr'>Kfiste</span> <span class='ocrx_word' id='word_1_577' title='bbox 447 2549 512 2584; x_wconf 91' lang='lat' dir='ltr'>des</span> <span class='ocrx_word' id='word_1_578' title='bbox 545 2549 692 2585; x_wconf 77' lang='lat' dir='ltr'>otienen</span> <span class='ocrx_word' id='word_1_579' title='bbox 725 2551 868 2586; x_wconf 85' lang='lat' dir='ltr'>Meeres</span> <span class='ocrx_word' id='word_1_580' title='bbox 901 2562 943 2586; x_wconf 91' lang='lat' dir='ltr'>zu</span> <span class='ocrx_word' id='word_1_581' title='bbox 977 2551 1151 2595; x_wconf 88' lang='lat' dir='ltr'>denken,“</span> <span class='ocrx_word' id='word_1_582' title='bbox 1184 2551 1314 2596; x_wconf 90' lang='lat' dir='ltr'>dignus</span> <span class='ocrx_word' id='word_1_583' title='bbox 1348 2561 1420 2585; x_wconf 92' lang='lat' dir='ltr'>non</span> <span class='ocrx_word' id='word_1_584' title='bbox 1447 2554 1511 2593; x_wconf 91' lang='lat' dir='ltr'>est,</span> <span class='ocrx_word' id='word_1_585' title='bbox 1546 2551 1604 2595; x_wconf 90' lang='lat' dir='ltr'>qui</span> <span class='ocrx_word' id='word_1_586' title='bbox 1631 2551 1845 2595; x_wconf 89' lang='lat' dir='ltr'>respiciatur,</span> <span class='ocrx_word' id='word_1_587' title='bbox 1869 2551 1952 2595; x_wconf 90' lang='lat' dir='ltr'>quia</span> <span class='ocrx_word' id='word_1_588' title='bbox 1979 2550 2143 2585; x_wconf 80' lang='lat' dir='ltr'>Holmius</span> <span class='ocrx_word' id='word_1_589' title='bbox 2168 2553 2249 2598; x_wconf 53' lang='lat' dir='ltr'>apog</span> <span class='ocrx_word' id='word_1_590' title='bbox 2275 2553 2362 2583; x_wconf 75' lang='grc' dir='ltr'>ἁπαν</span> <span class='ocrx_word' id='word_1_591' title='bbox 2388 2553 2526 2591; x_wconf 67' lang='grc' dir='ltr'>ἑμβιλις</span> 
     </span>
     <span class='ocr_line' id='line_1_41' title="bbox 136 2606 1181 2652; baseline 0.004 -14"><span class='ocrx_word' id='word_1_592' title='bbox 136 2609 303 2649; x_wconf 75' lang='grc' dir='ltr'>διάστημα</span> <span class='ocrx_word' id='word_1_593' title='bbox 328 2615 513 2650; x_wconf 90' lang='lat' dir='ltr'>perperam</span> <span class='ocrx_word' id='word_1_594' title='bbox 538 2606 649 2650; x_wconf 87' lang='lat' dir='ltr'>vertit,</span> <span class='ocrx_word' id='word_1_595' title='bbox 673 2606 716 2641; x_wconf 82' lang='lat' dir='ltr'>cf.</span> <span class='ocrx_word' id='word_1_596' title='bbox 735 2607 824 2642; x_wconf 82' lang='lat' dir='ltr'>intra</span> <span class='ocrx_word' id='word_1_597' title='bbox 848 2618 906 2652; x_wconf 89' lang='lat' dir='ltr'>pg.</span> <span class='ocrx_word' id='word_1_598' title='bbox 932 2608 978 2642; x_wconf 82' lang='lat' dir='ltr'>xi</span> <span class='ocrx_word' id='word_1_599' title='bbox 1005 2608 1125 2643; x_wconf 83' lang='lat' dir='ltr'>adnot.</span> <span class='ocrx_word' id='word_1_600' title='bbox 1151 2609 1181 2642; x_wconf 87' lang='lat'>2.</span> 
     </span>
    </p>

    <p class='ocr_par' dir='ltr' id='par_1_7' title="bbox 134 2661 2531 3041">
     <span class='ocr_line' id='line_1_42' title="bbox 338 2661 2528 2709; baseline 0 -14"><span class='ocrx_word' id='word_1_601' title='bbox 338 2661 410 2696; x_wconf 89' lang='lat' dir='ltr'>lam</span> <span class='ocrx_word' id='word_1_602' title='bbox 436 2661 685 2706; x_wconf 81' lang='lat' dir='ltr'>intellegimus,</span> <span class='ocrx_word' id='word_1_603' title='bbox 710 2673 770 2697; x_wconf 93' lang='lat' dir='ltr'>cur</span> <span class='ocrx_word' id='word_1_604' title='bbox 796 2662 957 2707; x_wconf 83' lang='lat' dir='ltr'>Romani,</span> <span class='ocrx_word' id='word_1_605' title='bbox 982 2674 1199 2709; x_wconf 89' lang='lat' dir='ltr'>quamquam</span> <span class='ocrx_word' id='word_1_606' title='bbox 1219 2674 1239 2698; x_wconf 93' lang='lat' dir='ltr'>a</span> <span class='ocrx_word' id='word_1_607' title='bbox 1259 2663 1513 2708; x_wconf 89' lang='lat' dir='ltr'>septentrione,</span> <span class='ocrx_word' id='word_1_608' title='bbox 1539 2674 1584 2698; x_wconf 92' lang='lat' dir='ltr'>ex</span> <span class='ocrx_word' id='word_1_609' title='bbox 1604 2663 1855 2697; x_wconf 90' lang='lat' dir='ltr'>Leontinorum</span> <span class='ocrx_word' id='word_1_610' title='bbox 1875 2663 2021 2708; x_wconf 89' lang='lat' dir='ltr'>oppido,</span> <span class='ocrx_word' id='word_1_611' title='bbox 2045 2664 2223 2704; x_wconf 89' lang='lat' dir='ltr'>venerant,</span> <span class='ocrx_word' id='word_1_612' title='bbox 2247 2662 2281 2696; x_wconf 92' lang='lat' dir='ltr'>in</span> <span class='ocrx_word' id='word_1_613' title='bbox 2302 2661 2528 2696; x_wconf 89' lang='lat' dir='ltr'>meridionali</span> 
     </span>
     <span class='ocr_line' id='line_1_43' title="bbox 137 2717 2528 2764; baseline 0 -13"><span class='ocrx_word' id='word_1_614' title='bbox 137 2718 234 2761; x_wconf 90' lang='lat' dir='ltr'>parte</span> <span class='ocrx_word' id='word_1_615' title='bbox 260 2717 367 2759; x_wconf 92' lang='lat' dir='ltr'>urbis,</span> <span class='ocrx_word' id='word_1_616' title='bbox 392 2717 487 2762; x_wconf 91' lang='lat' dir='ltr'>apud</span> <span class='ocrx_word' id='word_1_617' title='bbox 512 2717 732 2763; x_wconf 88' lang='lat' dir='ltr'>Olympium,</span> <span class='ocrx_word' id='word_1_618' title='bbox 757 2721 870 2754; x_wconf 89' lang='lat' dir='ltr'>castra</span> <span class='ocrx_word' id='word_1_619' title='bbox 895 2721 1090 2764; x_wconf 89' lang='lat' dir='ltr'>posuerint.</span> <span class='ocrx_word' id='word_1_620' title='bbox 1116 2731 1207 2764; x_wconf 91' lang='lat' dir='ltr'>quae</span> <span class='ocrx_word' id='word_1_621' title='bbox 1232 2722 1345 2754; x_wconf 88' lang='lat' dir='ltr'>castra</span> <span class='ocrx_word' id='word_1_622' title='bbox 1369 2720 1435 2754; x_wconf 90' lang='lat' dir='ltr'>sibi</span> <span class='ocrx_word' id='word_1_623' title='bbox 1461 2730 1540 2754; x_wconf 93' lang='lat' dir='ltr'>cum</span> <span class='ocrx_word' id='word_1_624' title='bbox 1566 2720 1754 2754; x_wconf 90' lang='lat' dir='ltr'>stationem</span> <span class='ocrx_word' id='word_1_625' title='bbox 1775 2720 1935 2754; x_wconf 91' lang='lat' dir='ltr'>navalem</span> <span class='ocrx_word' id='word_1_626' title='bbox 1961 2722 2032 2753; x_wconf 92' lang='lat' dir='ltr'>tum</span> <span class='ocrx_word' id='word_1_627' title='bbox 2058 2718 2199 2753; x_wconf 89' lang='lat' dir='ltr'>classi</span> <span class='ocrx_word' id='word_1_628' title='bbox 2225 2718 2528 2762; x_wconf 87' lang='lat' dir='ltr'>aggredienti</span> 
     </span>
     <span class='ocr_line' id='line_1_44' title="bbox 135 2773 2530 2819; baseline 0 -12"><span class='ocrx_word' id='word_1_629' title='bbox 135 2773 354 2807; x_wconf 91' lang='lat' dir='ltr'>subsidio</span> <span class='ocrx_word' id='word_1_630' title='bbox 388 2783 492 2808; x_wconf 90' lang='lat' dir='ltr'>esse</span> <span class='ocrx_word' id='word_1_631' title='bbox 525 2774 702 2808; x_wconf 90' lang='lat' dir='ltr'>volebant.</span> <span class='ocrx_word' id='word_1_632' title='bbox 728 2774 809 2808; x_wconf 91' lang='lat' dir='ltr'>hinc</span> <span class='ocrx_word' id='word_1_633' title='bbox 841 2775 1036 2810; x_wconf 90' lang='lat' dir='ltr'>sambucae</span> <span class='ocrx_word' id='word_1_634' title='bbox 1068 2775 1251 2810; x_wconf 82' lang='lat' dir='ltr'>coniectae</span> <span class='ocrx_word' id='word_1_635' title='bbox 1283 2775 1327 2810; x_wconf 91' lang='lat' dir='ltr'>ad</span> <span class='ocrx_word' id='word_1_636' title='bbox 1354 2775 1575 2810; x_wconf 88' lang='lat' dir='ltr'>Achradinae</span> <span class='ocrx_word' id='word_1_637' title='bbox 1601 2785 1740 2809; x_wconf 91' lang='lat' dir='ltr'>murum</span> <span class='ocrx_word' id='word_1_638' title='bbox 1766 2777 1983 2810; x_wconf 87' lang='lat' dir='ltr'>transvectae</span> <span class='ocrx_word' id='word_1_639' title='bbox 2008 2777 2106 2816; x_wconf 88' lang='lat' dir='ltr'>sunt;</span> <span class='ocrx_word' id='word_1_640' title='bbox 2141 2774 2196 2807; x_wconf 87' lang='lat' dir='ltr'>hic</span> <span class='ocrx_word' id='word_1_641' title='bbox 2229 2774 2262 2807; x_wconf 92' lang='lat' dir='ltr'>in</span> <span class='ocrx_word' id='word_1_642' title='bbox 2296 2776 2400 2817; x_wconf 88' lang='lat' dir='ltr'>portu</span> <span class='ocrx_word' id='word_1_643' title='bbox 2435 2784 2530 2819; x_wconf 89' lang='lat' dir='ltr'>aqua</span> 
     </span>
     <span class='ocr_line' id='line_1_45' title="bbox 134 2829 2527 2876; baseline 0.001 -14"><span class='ocrx_word' id='word_1_644' title='bbox 134 2829 275 2862; x_wconf 87' lang='lat' dir='ltr'>turbida</span> <span class='ocrx_word' id='word_1_645' title='bbox 299 2838 372 2862; x_wconf 95' lang='lat' dir='ltr'>non</span> <span class='ocrx_word' id='word_1_646' title='bbox 398 2831 481 2870; x_wconf 88' lang='lat' dir='ltr'>erat,</span> <span class='ocrx_word' id='word_1_647' title='bbox 506 2839 586 2863; x_wconf 91' lang='lat' dir='ltr'>cum</span> <span class='ocrx_word' id='word_1_648' title='bbox 611 2829 656 2864; x_wconf 91' lang='lat' dir='ltr'>ad</span> <span class='ocrx_word' id='word_1_649' title='bbox 681 2832 843 2874; x_wconf 91' lang='lat' dir='ltr'>apertum</span> <span class='ocrx_word' id='word_1_650' title='bbox 868 2831 949 2865; x_wconf 90' lang='lat' dir='ltr'>litus</span> <span class='ocrx_word' id='word_1_651' title='bbox 974 2832 1145 2866; x_wconf 89' lang='lat' dir='ltr'>orientale</span> <span class='ocrx_word' id='word_1_652' title='bbox 1170 2833 1315 2876; x_wconf 91' lang='lat' dir='ltr'>propter</span> <span class='ocrx_word' id='word_1_653' title='bbox 1338 2841 1434 2866; x_wconf 90' lang='lat' dir='ltr'>mare</span> <span class='ocrx_word' id='word_1_654' title='bbox 1459 2841 1603 2875; x_wconf 89' lang='lat' dir='ltr'>semper</span> <span class='ocrx_word' id='word_1_655' title='bbox 1621 2832 1776 2866; x_wconf 89' lang='lat' dir='ltr'>maxime</span> <span class='ocrx_word' id='word_1_656' title='bbox 1795 2834 2001 2866; x_wconf 86' lang='lat' dir='ltr'>aestuosum</span> <span class='ocrx_word' id='word_1_657' title='bbox 2021 2832 2167 2865; x_wconf 94' lang='lat' dir='ltr'>omnino</span> <span class='ocrx_word' id='word_1_658' title='bbox 2191 2830 2267 2864; x_wconf 75' lang='lat' dir='ltr'>fieri</span> <span class='ocrx_word' id='word_1_659' title='bbox 2292 2840 2364 2864; x_wconf 94' lang='lat' dir='ltr'>non</span> <span class='ocrx_word' id='word_1_660' title='bbox 2391 2834 2527 2874; x_wconf 84' lang='lat' dir='ltr'>posset,</span> 
     </span>
     <span class='ocr_line' id='line_1_46' title="bbox 134 2884 2530 2931; baseline 0.001 -13"><span class='ocrx_word' id='word_1_661' title='bbox 134 2886 172 2918; x_wconf 91' lang='lat' dir='ltr'>ut</span> <span class='ocrx_word' id='word_1_662' title='bbox 202 2884 394 2919; x_wconf 88' lang='lat' dir='ltr'>sambucae</span> <span class='ocrx_word' id='word_1_663' title='bbox 426 2887 700 2930; x_wconf 88' lang='lat' dir='ltr'>apponerentur.</span> <span class='ocrx_word' id='word_1_664' title='bbox 734 2905 775 2910; x_wconf 90' lang='lat'>—</span> <span class='ocrx_word' id='word_1_665' title='bbox 809 2895 902 2930; x_wconf 90' lang='lat' dir='ltr'>quae</span> <span class='ocrx_word' id='word_1_666' title='bbox 935 2896 1015 2921; x_wconf 91' lang='lat' dir='ltr'>cum</span> <span class='ocrx_word' id='word_1_667' title='bbox 1049 2887 1096 2922; x_wconf 91' lang='lat' dir='ltr'>ita</span> <span class='ocrx_word' id='word_1_668' title='bbox 1129 2890 1260 2929; x_wconf 89' lang='lat' dir='ltr'>essent,</span> <span class='ocrx_word' id='word_1_669' title='bbox 1293 2889 1405 2922; x_wconf 91' lang='lat' dir='ltr'>castra</span> <span class='ocrx_word' id='word_1_670' title='bbox 1439 2897 1483 2922; x_wconf 89' lang='lat' dir='ltr'>eo</span> <span class='ocrx_word' id='word_1_671' title='bbox 1507 2887 1587 2922; x_wconf 90' lang='lat' dir='ltr'>loco</span> <span class='ocrx_word' id='word_1_672' title='bbox 1612 2887 1729 2931; x_wconf 86' lang='lat' dir='ltr'>posita</span> <span class='ocrx_word' id='word_1_673' title='bbox 1752 2896 1823 2921; x_wconf 92' lang='lat' dir='ltr'>non</span> <span class='ocrx_word' id='word_1_674' title='bbox 1857 2886 1982 2921; x_wconf 72' lang='lat' dir='ltr'>fuisset</span> <span class='ocrx_word' id='word_1_675' title='bbox 2005 2886 2206 2926; x_wconf 92' lang='lat' dir='ltr'>commodo,</span> <span class='ocrx_word' id='word_1_676' title='bbox 2242 2885 2430 2929; x_wconf 90' lang='lat' dir='ltr'>quoniam</span> <span class='ocrx_word' id='word_1_677' title='bbox 2439 2888 2530 2921; x_wconf 88' lang='lat' dir='ltr'>terra</span> 
     </span>
     <span class='ocr_line' id='line_1_47' title="bbox 134 2940 2531 3011; baseline 0.001 -38"><span class='ocrx_word' id='word_1_678' title='bbox 134 2940 229 2983; x_wconf 91' lang='lat' dir='ltr'>apud</span> <span class='ocrx_word' id='word_1_679' title='bbox 264 2940 489 2985; x_wconf 81' lang='lat' dir='ltr'>Hexapylum</span> <span class='ocrx_word' id='word_1_680' title='bbox 523 2952 543 2975; x_wconf 90' lang='lat' dir='ltr'>a</span> <span class='ocrx_word' id='word_1_681' title='bbox 569 2945 666 2985; x_wconf 86' lang='lat' dir='ltr'>parte</span> <span class='ocrx_word' id='word_1_682' title='bbox 690 2942 957 2986; x_wconf 90' lang='lat' dir='ltr'>septentrionali</span> <span class='ocrx_word' id='word_1_683' title='bbox 990 2943 1287 2987; x_wconf 88' lang='lat' dir='ltr'>aggrediebantur</span> <span class='ocrx_word' id='word_1_684' title='bbox 1320 2943 1481 3011; x_wconf 81' lang='lat' dir='ltr'>Romani,</span> <span class='ocrx_word' id='word_1_685' title='bbox 1514 2943 1555 2977; x_wconf 82' lang='lat' dir='ltr'>ct.</span> <span class='ocrx_word' id='word_1_686' title='bbox 1577 2943 1662 2987; x_wconf 88' lang='lat' dir='ltr'>Lupi</span> <span class='ocrx_word' id='word_1_687' title='bbox 1688 2953 1744 2986; x_wconf 88' lang='lat' dir='ltr'>pg.</span> <span class='ocrx_word' id='word_1_688' title='bbox 1765 2944 1839 2977; x_wconf 91' lang='lat'>215.</span> <span class='ocrx_word' id='word_1_689' title='bbox 1866 2942 1992 2977; x_wconf 91' lang='lat' dir='ltr'>eodem</span> <span class='ocrx_word' id='word_1_690' title='bbox 2029 2942 2138 2975; x_wconf 92' lang='lat' dir='ltr'>modo</span> <span class='ocrx_word' id='word_1_691' title='bbox 2167 2942 2250 2975; x_wconf 90' lang='lat' dir='ltr'>olim</span> <span class='ocrx_word' id='word_1_692' title='bbox 2276 2951 2333 2975; x_wconf 90' lang='lat' dir='ltr'>res</span> <span class='ocrx_word' id='word_1_693' title='bbox 2359 2944 2439 2976; x_wconf 84' lang='lat' dir='ltr'>acta</span> <span class='ocrx_word' id='word_1_694' title='bbox 2465 2946 2531 2990; x_wconf 80' lang='lat' dir='ltr'>est,</span> 
     </span>
     <span class='ocr_line' id='line_1_48' title="bbox 134 2994 1088 3041; baseline 0.004 -12"><span class='ocrx_word' id='word_1_695' title='bbox 134 3004 213 3029; x_wconf 90' lang='lat' dir='ltr'>cum</span> <span class='ocrx_word' id='word_1_696' title='bbox 238 2994 430 3041; x_wconf 86' lang='lat' dir='ltr'>Syracusae</span> <span class='ocrx_word' id='word_1_697' title='bbox 454 2997 499 3032; x_wconf 91' lang='lat' dir='ltr'>ab</span> <span class='ocrx_word' id='word_1_698' title='bbox 524 2997 804 3033; x_wconf 89' lang='lat' dir='ltr'>Atheniensibus</span> <span class='ocrx_word' id='word_1_699' title='bbox 828 2997 1088 3033; x_wconf 90' lang='lat' dir='ltr'>obsiderentur.</span> 
     </span>
    </p>

    <p class='ocr_par' dir='ltr' id='par_1_8' title="bbox 133 3051 2529 3155">
     <span class='ocr_line' id='line_1_49' title="bbox 333 3051 2529 3099; baseline 0.001 -13"><span class='ocrx_word' id='word_1_700' title='bbox 333 3051 501 3087; x_wconf 89' lang='lat' dir='ltr'>Ceterum</span> <span class='ocrx_word' id='word_1_701' title='bbox 527 3054 555 3087; x_wconf 93' lang='lat' dir='ltr'>si</span> <span class='ocrx_word' id='word_1_702' title='bbox 580 3053 666 3089; x_wconf 89' lang='lat' dir='ltr'>Silio</span> <span class='ocrx_word' id='word_1_703' title='bbox 691 3054 810 3089; x_wconf 82' lang='lat' dir='ltr'>Italico</span> <span class='ocrx_word' id='word_1_704' title='bbox 842 3054 913 3089; x_wconf 91' lang='lat' dir='ltr'>ulla</span> <span class='ocrx_word' id='word_1_705' title='bbox 946 3064 1068 3089; x_wconf 89' lang='lat' dir='ltr'>earum</span> <span class='ocrx_word' id='word_1_706' title='bbox 1103 3065 1217 3089; x_wconf 90' lang='lat' dir='ltr'>rerum</span> <span class='ocrx_word' id='word_1_707' title='bbox 1254 3055 1442 3089; x_wconf 89' lang='lat' dir='ltr'>auctoritas</span> <span class='ocrx_word' id='word_1_708' title='bbox 1468 3058 1574 3096; x_wconf 88' lang='lat' dir='ltr'>esset,</span> <span class='ocrx_word' id='word_1_709' title='bbox 1607 3056 1683 3089; x_wconf 91' lang='lat' dir='ltr'>eius</span> <span class='ocrx_word' id='word_1_710' title='bbox 1717 3055 1921 3088; x_wconf 89' lang='lat' dir='ltr'>testimonio</span> <span class='ocrx_word' id='word_1_711' title='bbox 1947 3056 1993 3088; x_wconf 92' lang='lat' dir='ltr'>uti</span> <span class='ocrx_word' id='word_1_712' title='bbox 2020 3063 2219 3098; x_wconf 87' lang='lat' dir='ltr'>possemus.</span> <span class='ocrx_word' id='word_1_713' title='bbox 2247 3064 2328 3087; x_wconf 87' lang='lat' dir='ltr'>nam</span> <span class='ocrx_word' id='word_1_714' title='bbox 2356 3054 2529 3099; x_wconf 91' lang='lat' dir='ltr'>impetum</span> 
     </span>
     <span class='ocr_line' id='line_1_50' title="bbox 133 3105 1984 3155; baseline 0.002 -15"><span class='ocrx_word' id='word_1_715' title='bbox 133 3105 167 3141; x_wconf 94' lang='lat' dir='ltr'>in</span> <span class='ocrx_word' id='word_1_716' title='bbox 193 3109 296 3151; x_wconf 90' lang='lat' dir='ltr'>portu</span> <span class='ocrx_word' id='word_1_717' title='bbox 319 3108 450 3143; x_wconf 81' lang='lat' dir='ltr'>tactum</span> <span class='ocrx_word' id='word_1_718' title='bbox 475 3119 557 3144; x_wconf 89' lang='lat' dir='ltr'>esse</span> <span class='ocrx_word' id='word_1_719' title='bbox 581 3109 664 3145; x_wconf 88' lang='lat' dir='ltr'>dicit</span> <span class='ocrx_word' id='word_1_720' title='bbox 688 3120 791 3145; x_wconf 89' lang='lat' dir='ltr'>versu</span> <span class='ocrx_word' id='word_1_721' title='bbox 816 3110 937 3145; x_wconf 84' lang='lat' dir='ltr'>1.X1V</span> <span class='ocrx_word' id='word_1_722' title='bbox 962 3112 1027 3145; x_wconf 86' lang='lat'>318</span> <span class='ocrx_word' id='word_1_723' title='bbox 1051 3122 1144 3155; x_wconf 87' lang='lat' dir='ltr'>„qua</span> <span class='ocrx_word' id='word_1_724' title='bbox 1169 3113 1333 3155; x_wconf 87' lang='lat' dir='ltr'>portus</span> <span class='ocrx_word' id='word_1_725' title='bbox 1359 3112 1467 3145; x_wconf 90' lang='lat' dir='ltr'>muris</span> <span class='ocrx_word' id='word_1_726' title='bbox 1493 3115 1635 3155; x_wconf 90' lang='lat' dir='ltr'>pacatas</span> <span class='ocrx_word' id='word_1_727' title='bbox 1660 3111 1811 3155; x_wconf 91' lang='lat' dir='ltr'>applicat</span> <span class='ocrx_word' id='word_1_728' title='bbox 1836 3111 1984 3145; x_wconf 88' lang='lat' dir='ltr'>undas.“</span> 
     </span>
    </p>
   </div>
   <div class='ocr_carea' id='block_1_4' title="bbox 333 3174 887 3222">
    <p class='ocr_par' dir='ltr' id='par_1_9' title="bbox 333 3174 887 3222">
     <span class='ocr_line' id='line_1_51' title="bbox 333 3174 887 3222; baseline 0.004 -12"><span class='ocrx_word' id='word_1_729' title='bbox 333 3175 359 3220; x_wconf 86' lang='lat'>²)</span> <span class='ocrx_word' id='word_1_730' title='bbox 385 3174 427 3210; x_wconf 86' lang='lat' dir='ltr'>ci.</span> <span class='ocrx_word' id='word_1_731' title='bbox 448 3175 691 3212; x_wconf 82' lang='lat' dir='ltr'>Hesselbarth.</span> <span class='ocrx_word' id='word_1_732' title='bbox 712 3187 791 3222; x_wconf 87' lang='lat' dir='ltr'>pag.</span> <span class='ocrx_word' id='word_1_733' title='bbox 811 3177 887 3212; x_wconf 91' lang='grc'>477.</span> 
     </span>
    </p>
   </div>
  </div>
 </body>
</html>
