2789 3532
1324 109 1389 152 Χ11

151 245 360 299 quodque
391 247 571 299 spatium
603 246 804 287 instructa
832 249 959 296 erant,
989 248 1091 286 κατὰ
1121 247 1240 298 λόγον
1271 247 1330 285 ἀεὶ
1360 248 1458 297 πρὸς
1486 249 1531 287 τὸ
1561 250 1687 299 παρὸν
1719 248 1928 300 ἀπόστημα
1957 245 1984 299 §
2014 247 2052 287 3.
2082 245 2196 297 apud
2229 244 2385 286 Livium
2416 246 2554 285 autem

152 312 416 365 respondent
463 315 502 354 et
548 323 712 362 „naves,
760 323 873 365 quae
919 312 1066 365 procul
1115 314 1261 359 erant,“
1312 311 1388 352 illis
1438 310 1597 366 Polybi,
1644 324 1754 367 quae
1804 315 1904 354 sunt
1951 311 2161 366 πόρρωθεν
2208 311 2468 363 ἐπιπλέοντες,
2517 312 2557 352 et

151 380 422 433 „propiores“
452 379 614 429 iisdem,
644 391 740 420 cum
772 379 952 431 propius
982 380 1277 427 accessissent,
1308 379 1371 428 ita,
1411 382 1456 420 ut
1496 380 1775 421 maximorum
1816 380 1894 421 tela
1931 381 2236 421 tormentorum
2269 390 2398 431 super
2427 380 2557 419 trans-

152 446 351 488 volarent.
382 446 561 499 primum
602 458 679 498 pro
719 446 939 487 tormentis
980 458 1082 487 saxa
1121 447 1183 487 vel
1224 446 1301 486 tela
1344 445 1485 486 scribit
1526 446 1678 497 Livius,
1717 448 1814 500 quia
1844 450 1893 487 τὰ
1920 447 2016 500 βέλη
2048 446 2128 487 tela
2155 457 2254 486 esse
2282 444 2557 495 existimabat,

152 524 250 554 cum
283 512 367 554 hoc
397 512 493 554 loco
524 515 731 553 tormenta
762 511 1013 565 significent,
1043 513 1156 553 velut
1187 512 1269 553 Vlll
1300 513 1338 560 9,
1368 513 1413 561 2;
1445 512 1497 553 lV
1529 514 1592 562 70,
1622 514 1657 553 2.
1689 513 1843 555 deinde
1880 525 1965 566 qua
1994 512 2048 554 de
2077 523 2205 553 causa
2235 514 2381 553 contra
2416 523 2557 562 naves,

152 590 264 632 quae
294 580 471 632 propius
500 579 766 628 accesserint,
797 573 960 620 minora
990 580 1069 621 tela
1100 579 1229 621 missa
1255 579 1348 628 sint,
1379 590 1467 620 non
1494 578 1743 632 intellegens
1767 579 2001 633 explicandi
2027 590 2155 621 causa
2179 578 2277 620 dicit
2306 577 2557 628 „levioribus

153 657 328 698 eoque
359 646 528 698 magis
559 646 767 686 crebris
798 646 925 686 telis.“

356 712 517 754 Eodem
558 712 691 754 modo
732 712 871 754 Livius
911 713 1027 754 addit
1066 713 1193 755 verba
1231 715 1297 763 „ut
1337 712 1400 753 sui
1433 711 1605 754 volnere
1645 713 1780 756 intacti
1821 714 1899 755 tela
1937 714 1976 754 in
2010 712 2174 755 hostem
2207 712 2474 766 ingererent,“
2513 715 2558 753 ut

152 791 324 820 causam
355 779 509 828 afferat,
549 791 623 820 cur
652 780 692 819 in
725 780 856 820 muris
886 791 988 820 cava
1018 780 1125 821 facta
1157 779 1292 828 sint;¹)
1330 779 1445 831 apud
1486 778 1707 832 Polybium
1747 784 1886 821 autem
1926 781 2014 821 illae
2051 779 2259 820 fenestrae
2297 781 2558 829 exsecantur,

154 849 199 887 ut
230 847 269 886 in
302 858 373 887 eas
405 857 546 895 naves,
578 857 688 898 quae
719 848 847 886 noctu
874 847 1070 897 proxime
1094 848 1363 887 accesserunt
1389 848 1428 885 et
1452 846 1561 892 ἐντὸς
1586 846 1735 897 βέλους,
1762 850 1807 887 ut
1833 848 1886 887 ita
1910 847 2055 895 dicam,
2080 846 2155 895 „im
2182 848 2297 886 toten
2325 845 2558 895 Winkel“,²)

154 914 265 961 sunt,
295 911 373 953 tela
403 911 539 953 conici
571 912 752 964 possint.

353 977 477 1025 Quas
509 989 639 1019 naves
671 989 785 1018 nunc
816 978 988 1018 demum
1021 978 1140 1019 affert
1173 979 1331 1019 Livius:
1361 978 1386 1030 ξ
1421 979 1470 1018 10
1501 989 1634 1030 „quae
1663 980 1843 1032 propius
1874 980 2028 1029 (etiam)
2059 978 2257 1019 subibant
2289 989 2428 1028 naves,
2468 990 2556 1032 quo

154 1045 369 1086 interiores
400 1044 553 1086 ictibus
585 1048 890 1086 tormentorum
923 1049 1101 1095 essent,“
1141 1057 1249 1098 quae
1279 1045 1405 1085 verba
1435 1045 1545 1085 idem
1586 1045 1826 1097 significant
1856 1046 1975 1098 quod
2007 1045 2150 1098 Polybi
2181 1046 2399 1098 γενομένων
2430 1048 2557 1086 αὐτῶν

153 1113 260 1160 ἐντὸς
296 1111 433 1165 βέλους
463 1114 560 1165 πρὸς
590 1118 637 1165 τῇ
668 1118 734 1165 γῇ.
779 1124 888 1165 quas
931 1112 970 1153 in
1014 1124 1144 1154 naves
1189 1112 1338 1161 Livius,
1380 1124 1476 1153 cum
1518 1110 1726 1154 fenestras
1767 1115 1931 1165 apertas
1973 1125 2070 1154 esse
2117 1112 2195 1152 iam
2237 1115 2358 1153 antea
2399 1112 2558 1161 dixerit,

153 1178 410 1220 tollenonem
458 1178 692 1220 adhibitum
742 1191 840 1220 esse
888 1182 1022 1221 narrat
1070 1191 1249 1232 eamque
1297 1178 1530 1220 machinam
1579 1180 1801 1232 componit
1843 1192 1894 1221 ex
1937 1179 2109 1221 duobus
2152 1179 2228 1221 illis
2272 1179 2555 1221 machinarum

153 1245 394 1299 generibus,
425 1258 609 1299 quorum
641 1246 813 1288 alterum
847 1246 1049 1300 Polybius
1082 1247 1178 1288 dicit
1208 1247 1412 1287 adversus
1439 1246 1677 1296 sambucas,
1707 1247 1880 1288 alterum
1907 1247 1947 1287 in
1974 1258 2102 1288 naves
2133 1246 2315 1288 cratibus
2347 1250 2557 1300 protectas

153 1313 389 1354 institutum
432 1325 550 1363 esse;
592 1325 681 1366 quo
725 1313 849 1354 simul
891 1312 948 1363 fit,
991 1318 1035 1354 ut
1078 1314 1111 1354 ei
1155 1325 1268 1365 opus
1312 1325 1398 1354 non
1443 1313 1494 1353 sit
1538 1312 1834 1354 sambucarum
1878 1314 2133 1354 mentionem
2175 1313 2321 1355 facere.
2362 1314 2558 1355 videmus

154 1380 277 1433 igitur
307 1383 347 1421 et
377 1382 641 1433 quantopere
674 1380 814 1422 Livius
846 1380 1029 1422 rationes
1071 1392 1300 1433 earumque
1338 1391 1490 1421 causas
1524 1379 1662 1421 turbet
1701 1392 1750 1422 ac
1788 1380 2021 1422 confundat
2063 1383 2101 1421 et
2132 1392 2256 1432 quam
2289 1380 2560 1433 neglegenter

155 1450 194 1487 et
225 1447 317 1487 sine
347 1447 428 1487 ulla
459 1446 685 1488 subtilitate
715 1459 781 1488 res
813 1446 1041 1495 contrahat,
1081 1459 1165 1500 qua
1196 1447 1353 1488 ratione
1384 1446 1604 1500 diligenter
1635 1450 1856 1500 perspecta
1886 1458 1982 1488 eum
2023 1459 2073 1487 ex
2104 1447 2184 1488 alio
2214 1446 2332 1488 fonte
2363 1447 2559 1489 hausisse

155 1514 391 1553 concedere
423 1526 510 1554 non
543 1515 776 1565 possimus.

356 1578 422 1620 Ad
472 1579 586 1621 hunc
636 1581 775 1621 locum
828 1581 1031 1621 nonnulla
1079 1580 1305 1621 adnotabo.
1355 1580 1469 1632 apud
1520 1581 1679 1620 Livium
1730 1580 2004 1621 Archimedes
2048 1593 2211 1621 murum
2260 1580 2336 1630 „ab
2378 1581 2463 1621 imo
2505 1581 2558 1621 ad

155 1648 393 1687 summum“
424 1646 538 1688 cavis
568 1647 741 1699 aperuit,
771 1646 891 1699 quod
923 1647 1062 1699 inepte
1093 1647 1375 1699 excogitatum
1408 1649 1472 1688 est
1501 1646 1554 1687 ad
1587 1658 1672 1688 rem
1704 1646 1943 1700 augendam
1971 1647 2290 1700 orationemque
2315 1646 2559 1688 ornandam.

154 1713 274 1765 quod
307 1713 340 1753 si
380 1712 666 1763 „cubitalia
704 1713 790 1753 fere
820 1716 942 1754 cava“
974 1713 1072 1754 dicit
1103 1726 1180 1766 pro
1213 1713 1355 1766 Polybi
1397 1714 1603 1767 ,,τρήματα
1641 1714 1935 1765 παλαιστιαῖαίί,
1976 1714 2051 1755 etsi
2085 1712 2339 1755 Ahrendtius
2371 1726 2409 1766 p.
2440 1715 2505 1764 33,
2536 1715 2560 1754 7

154 1780 193 1819 id
226 1779 463 1820 concedere
494 1791 582 1820 non
614 1780 714 1829 vult,
745 1780 838 1821 sine
868 1780 1002 1820 dubio
1035 1781 1235 1820 mendum
1268 1784 1331 1821 est
1365 1781 1478 1821 Livio
1508 1780 1834 1821 attribuendum.
1866 1792 1961 1821 narn
2002 1780 2335 1821 cubitalibus
2365 1780 2560 1821 fenestris

154 1845 404 1888 defensores
435 1846 489 1887 ab
521 1846 805 1888 incidentibus
837 1846 928 1888 telis
968 1850 1105 1888 tectos
1137 1859 1222 1888 non
1255 1860 1351 1888 esse
1390 1851 1533 1900 (quam
1566 1848 1624 1889 ob
1656 1848 1790 1899 ipsam
1832 1860 1917 1888 rem
1949 1859 2049 1888 cava
2079 1848 2263 1888 instituta
2293 1860 2390 1889 esse
2423 1848 2561 1888 Livius

154 1912 325 1966 quidem
358 1913 470 1965 dicit)
503 1913 582 1954 iam
615 1913 726 1955 Guil.
753 1913 931 1955 Michael
965 1926 1004 1966 p.
1029 1915 1083 1955 36
1123 1917 1231 1955 recte
1270 1914 1495 1956 adnotavit.
1534 1914 1729 1956 videmus
1770 1914 1895 1967 igitur
1937 1913 2019 1955 hoc
2058 1925 2234 1966 quoque
2272 1914 2368 1955 loco
2402 1914 2560 1955 Livium

155 1980 328 2020 stultum
362 1981 400 2020 in
434 1980 614 2020 modum
646 1992 669 2020 a
701 1980 877 2033 Polybio
909 1980 1179 2029 dissentire.³)

357 2046 501 2100 Polybi
528 2046 784 2087 vocabulum
812 2047 1119 2087 deminutivum
1153 2050 1358 2099 σκορπίδια
1383 2049 1426 2101 (ἓ
1452 2050 1493 2099 6)
1522 2049 1680 2088 Livium
1712 2048 1988 2099 „scorpiones
2016 2048 2233 2088 modicos“
2257 2048 2296 2099 (ξ
2321 2049 2362 2096 9)
2387 2049 2563 2088 vertisse

155 2113 426 2165 perspicuum
458 2116 534 2155 est.

357 2181 515 2221 Livium
548 2184 687 2221 autern
721 2192 771 2221 ex
805 2181 951 2234 Polybi
984 2181 1160 2222 duobus
1192 2182 1475 2223 machinarum
1508 2182 1738 2235 generibus
1769 2184 1817 2231 (c.
1850 2183 1886 2230 7,
1916 2182 2046 2222 8-11
2084 2184 2122 2221 et
2153 2193 2185 2222 c.
2211 2183 2248 2231 8,
2283 2184 2296 2222 l
2331 2183 2404 2231 -4)
2434 2193 2560 2222 unam

153 2247 307 2288 fecisse
337 2248 385 2298 (c.
417 2249 482 2296 34,
517 2249 697 2296 10—11)
729 2260 856 2299 supra
887 2249 1086 2288 diximus.
1118 2249 1268 2288 etenim
1301 2250 1481 2298 „tolleno
1513 2261 1643 2301 super
1673 2260 1839 2289 murum
1872 2248 2086 2288 eminens“
2117 2260 2168 2287 ex
2201 2247 2344 2300 Polybi
2386 2251 2562 2301 ,,ὄργανα

153 2315 250 2366 ὑπὲρ
289 2322 357 2354 τοῦ
396 2315 554 2369 τείχους
590 2315 825 2368 ἀνιστάμενα
865 2317 931 2355 καὶ
970 2316 1265 2367 προπίπτονταίί
1307 2319 1505 2368 sumptus
1547 2319 1611 2357 est
1650 2318 1688 2357 et
1727 2314 1880 2365 „terrea
1911 2316 2097 2363 manus,“
2127 2326 2236 2366 quae
2266 2326 2317 2355 ex
2350 2314 2563 2356 tollenone

154 2381 377 2433 dependet,
408 2381 532 2433 plane
563 2381 796 2432 respondet
836 2384 963 2434 ,,χειρὶ
994 2383 1165 2434 σιδηρᾷ“
1201 2382 1367 2423 alterius
1399 2382 1545 2435 Polybi
1587 2382 1872 2423 machinarum
1914 2381 2091 2433 generiS.
2121 2392 2169 2421 ac
2199 2380 2391 2432 profecto
2423 2381 2562 2422 multis

153 2447 292 2489 verbis
324 2448 547 2489 concinere
578 2448 807 2499 scriptores
839 2452 883 2489 ut
914 2449 1219 2501 intellegamus,
1252 2449 1353 2490 haec
1384 2450 1577 2501 exempla
1606 2449 1796 2490 afferam:

455 2522 570 2568 χεῖρα
601 2516 766 2568 σιδηρᾶν
797 2515 838 2564 ἐξ
868 2516 1044 2564 ἁλύσεως
1074 2516 1283 2569 δεδεμένην
1389 2516 1519 2558 ferrea
1550 2528 1702 2558 manus
1732 2515 1876 2556 firmae
1907 2517 2076 2556 catenae
2107 2514 2272 2567 inligata

457 2584 521 2622 ὅτε
551 2583 594 2622 δὲ
623 2583 822 2634 κουφίζων
851 2584 923 2635 τὴν
954 2590 1140 2635 πρῶρραν
1391 2595 1604 2636 suspensa
1635 2595 1759 2636 prora

457 2650 580 2702 ὀρθ-ὸν
610 2649 786 2701 ποιήσειε
815 2653 859 2690 τὸ
887 2652 1039 2703 σκάφος
1063 2651 1126 2690 ἐπὶ
1151 2652 1325 2704 πρύμναν
1391 2663 1538 2692 navem
1571 2651 1611 2691 in
1644 2650 1822 2703 puppim
1855 2649 2061 2690 statuebat

456 2717 592 2769 πλήρη
623 2717 828 2769 θαλάττης
858 2718 1014 2770 ἐγένετο
1389 2718 1648 2771 aliquantum
1680 2729 1816 2770 aquae
1845 2717 2047 2768 acciperet

456 2786 522 2824 καὶ
552 2790 731 2837 ταραχῆς
1390 2798 1485 2827 cum
1519 2786 1675 2839 ingenti
1709 2784 1989 2837 trepidatione
2020 2787 2249 2825 nautarum.

152 2854 280 2903 atque
326 2863 477 2903 „grave
524 2851 815 2891 libramentum
865 2851 1048 2902 plumbi“
1096 2864 1146 2891 ex
1195 2852 1317 2892 altera
1360 2853 1506 2905 Polybi
1558 2852 1750 2893 machina
1792 2851 1956 2891 videtur
2003 2854 2219 2902 sumptum
2264 2863 2372 2899 esse,
2414 2864 2449 2891 v.
2481 2852 2506 2903 ξ
2537 2853 2563 2891 9

152 2918 373 2972 σηκώματα
404 2917 657 2972 μολίβδινα.4)

359 3007 381 3049 1)
408 3005 509 3040 adfer
533 3015 600 3048 „ex
626 3005 788 3039 occulto“
815 3006 836 3048 ξ
860 3005 881 3039 9
906 3005 964 3040 fin.

355 3063 381 3105 ⁸)
408 3062 625 3096 Ahrendtius
652 3062 700 3105 (p.
720 3063 780 3104 35)
806 3072 879 3095 rem
905 3063 1054 3096 omnino
1079 3073 1151 3096 non
1177 3064 1357 3106 intellegit,
1382 3074 1460 3097 cum
1488 3068 1580 3104 ἐντος
1606 3067 1722 3104 βέλους
1748 3064 1857 3095 vertat
1882 3062 1938 3103 „in
1964 3061 2223 3096 Schussweite“.

355 3119 379 3159 ³)
404 3118 500 3152 idem
526 3118 657 3153 iudicat
682 3118 998 3152 Weissenbornius
1024 3119 1079 3153 ad.
1101 3119 1132 3153 h.
1154 3119 1172 3153 l.

234 3219 243 3253 ἰ
319 3175 381 3254 ta‘)
409 3177 565 3255 cteterugi
579 3175 841 3253 1,Ιιξὺξ-ειηιοεῐιΐιιιτι
868 3175 1015 3218 plumbi,
1041 3176 1106 3209 etsi
1131 3176 1378 3220 gravissimum
1406 3178 1470 3219 est,
1508 3185 1691 3222 nunquam
1726 3185 1852 3210 navem
1885 3184 2025 3210 sursum
2052 3175 2165 3210 moliri
2191 3177 2319 3218 potest.
2345 3174 2449 3209 etiam
2476 3175 2564 3209 haec

152 3229 208 3253 res
246 3229 317 3263 nep
378 3229 418 3253 es
456 3230 526 3264 apu
605 3230 723 3255 ivium.
