2789 3532
1226 82 1406 143 ⁷xxi

362 216 528 260 Deinde
567 215 689 258 etiam
730 226 842 269 quae
881 213 984 256 Plut.
1017 214 1079 265 19,
1113 215 1245 256 l——23
1292 217 1488 265 narratur,
1533 214 1809 257 consentiunt
1855 226 1953 256 curn
2002 214 2117 257 Livio
2157 217 2205 265 (c.
2235 216 2301 266 24,
2330 217 2477 267 7-25,
2507 217 2553 266 7;

159 289 228 338 31,
255 285 422 337 8-11),
461 284 533 337 qui
575 282 798 337 Polybium
840 281 1039 334 sequitur.
1080 293 1146 323 vv.
1168 284 1307 323 autem
1339 283 1468 323 7——11
1515 282 1570 323 ad
1611 281 1782 323 heroem
1825 293 1952 323 suum
1994 282 2287 329 excusandum
2329 283 2553 336 scripsisse

161 351 426 396 Plutarchum
455 353 637 404 apparet.
675 348 857 391 maxima
884 351 1023 391 autem
1055 349 1279 402 perspicua
1313 349 1472 392 est-illa
1505 349 1739 391 consensio
1777 348 1915 390 verbis
1954 349 2113 390 collatis
2151 350 2355 403 λέγεται
2383 382 2551 393 .....

160 422 352 472 δακρῦσαι
384 418 444 470 ’(ν.
473 419 599 467 3-5)
645 418 686 457 et
731 414 979 466 „Marcellus
1009 449 1018 459 .
1048 448 1056 457 .
1088 447 1095 455 .
1125 448 1134 457 .
1181 415 1435 457 inlacrimare
1481 415 1701 457 dicitur“
1748 415 1846 464 (Liv.
1875 427 1909 456 c
1939 416 2005 466 24,
2038 414 2150 466 11),¹)
2195 416 2349 458 deinde
2391 424 2467 458 τῶν
2507 418 2551 458 δὲ

160 485 383 539 ἐλευθέρων
412 484 652 537 σωμάτων
683 483 846 522 ἀπεῖπεν
876 483 1057 535 ἅψασθαι
1095 484 1147 533 (v.
1174 481 1278 537 ¹²l13)
1316 485 1355 524 et
1384 495 1462 533 „ne
1490 482 1587 535 quis
1618 481 1793 523 liberum
1825 494 2025 534 corpus
2056 482 2247 524 violarer‘
2277 483 2375 532 (Liv.
2404 485 2469 535 25,
2498 484 2550 537 7).

161 552 212 595 ct.
241 552 362 595 etiam
394 550 498 593 Plut.
527 563 564 592 v.
593 550 747 606 19—21
784 552 823 591 et
855 549 936 590 Liv.
960 561 994 591 c.
1018 550 1083 600 31,
1118 551 1178 599 11,
1209 549 1280 591 ubi
1311 550 1376 591 ille
1405 549 1616 591 vocabulo
1647 552 1807 602 ὕστερον
1846 561 1924 602 pro
1954 552 2088 600 „tum“
2119 549 2275 602 scripto
2306 552 2549 593 sententiam

161 619 295 672 ipsam
327 620 466 659 mutat

360 684 467 726 Tum
507 682 771 724 Archimedis
810 684 961 733 mors2)
998 682 1117 733 (Plut.
1148 696 1183 724 v.
1208 684 1388 732 23—42)
1425 683 1540 736 apud
1573 683 1731 724 Livium
1771 695 1948 736 quoque
1984 686 2033 724 (c.
2064 685 2129 733 31,
2158 685 2194 724 9.
2230 684 2294 736 10)
2335 685 2547 726 invenitur.

163 752 239 795 sed
272 750 518 793 Plutarchus
549 753 632 791 tres
663 749 717 791 de
746 753 880 791 morte
911 750 1002 791 eius
1033 750 1290 791 narrationes
1322 749 1465 800 habet;
1495 761 1671 802 quarum
1705 751 1864 802 priores
1896 750 2004 791 duae
2035 762 2118 791 rem
2152 750 2393 803 simplicem,
2423 763 2547 805 quam

164 820 304 860 Livius
344 821 487 867 narrat,
526 820 740 857 exornant.
781 817 882 858 haec
920 822 1057 858 autem
1099 817 1245 868 capitis
1284 829 1380 868 pars
1419 817 1537 865 (Plut.
1563 831 1598 857 v.
1623 819 1804 865 23-42)
1840 829 1891 857 ex
1932 817 2083 857 eodem
2125 818 2243 866 libro,
2281 830 2331 858 ex
2361 830 2449 870 quo
2479 831 2550 860 eae

161 888 312 939 partes,
359 884 517 937 quibus
564 887 684 925 antea
731 884 784 925 de
831 883 1081 925 Archimede
1126 883 1261 936 agitur
1306 887 1355 933 (c.
1390 886 1438 924 14
1469 897 1503 924 ν.
1535 886 1581 924 21
1604 909 1651 912 --
1668 887 1787 933 extr.;
1835 896 1868 924 c.
1903 885 1961 931 17,
1991 897 2027 925 ν.
2062 885 2357 935 16—extr.),³)-
2391 885 2551 927 videtur

162 952 288 1006 petita
318 963 425 994 esse.

362 1018 567 1059 Videmus
607 1018 730 1071 igitur
766 1018 862 1058 nihil
903 1018 1083 1068 obstare,
1123 1018 1355 1070 quominus
1399 1017 1644 1059 Plutarchus
1683 1019 1761 1068 (vel
1802 1018 1949 1070 potius
1988 1018 2161 1059 vitarum
2202 1019 2387 1070 scriptor,
2424 1031 2548 1072 quem

163 1089 338 1127 secutus
369 1086 460 1134 est,)
498 1084 675 1137 Polybio
715 1085 811 1136 ipso
851 1096 958 1125 usus
998 1085 1060 1126 sit.
1120 1084 1376 1125 Ahrendtius
1415 1088 1552 1125 tamen
1593 1084 1856 1125 Plutarchum
1897 1085 2073 1125 omnino
2113 1097 2292 1137 usquam
2333 1085 2549 1138 Polybium

163 1154 355 1194 secutum
387 1162 486 1192 esse
516 1153 651 1204 negat,
681 1150 800 1204 quod
832 1153 877 1192 ut
906 1150 1168 1203 comprobet,
1198 1162 1237 1202 p.
1262 1151 1426 1192 50—54
1465 1150 1642 1203 primum
1684 1162 1793 1203 quae
1831 1150 1945 1203 apud
1985 1162 2061 1192 eos
2098 1151 2202 1192 inter
2232 1163 2278 1192 se
2307 1156 2551 1205 repugnent,

163 1218 317 1259 deinde
354 1217 512 1270 quibus
551 1218 655 1258 locis
696 1217 941 1258 Plutarchus
982 1217 1159 1270 Polybio
1197 1218 1431 1258 accuratius
1470 1229 1537 1258 res
1577 1221 1720 1267 narret,
1759 1220 1985 1258 enumerat.
2025 1218 2100 1258 sed
2139 1229 2249 1270 quae
2286 1218 2349 1258 ille
2385 1218 2551 1270 profert,

163 1285 308 1338 partim
341 1284 419 1326 iam
452 1296 581 1337 supra
610 1283 747 1333 refelli,
777 1284 933 1336 reliqua
962 1296 1139 1336 prorsus
1171 1284 1325 1326 nullius
1357 1285 1558 1326 momenti
1590 1297 1687 1326 esse
1717 1284 1814 1325 mihi
1845 1285 2049 1334 videntur,
2080 1285 2193 1325 velut
2223 1298 2260 1337 p.
2285 1286 2347 1333 50,
2377 1287 2413 1335 3,
2443 1298 2552 1338 quae

163 1351 290 1394 verba
331 1351 576 1394 stultissima
618 1354 736 1393 sunt:
784 1363 879 1392 nam
923 1351 969 1401 si,
1016 1363 1126 1405 quae
1167 1350 1414 1405 Syracusani
1457 1350 1710 1393 defendendi
1759 1363 1887 1393 causa
1933 1355 2089 1404 parant,
2138 1351 2377 1394 Plutarchus
2419 1353 2551 1394 multo

163 1419 355 1472 pluribus
397 1418 592 1460 versibus
635 1421 767 1459 narrat
809 1430 936 1470 quarn
963 1430 1088 1471 ‚quae
1131 1418 1305 1461 Romani
1348 1418 1516 1468 iaciunt,
1558 1419 1598 1459 id
1640 1419 1757 1460 facile
1798 1431 1851 1459 eo
1893 1419 2133 1471 explicatur,
2174 1419 2291 1471 quod
2330 1422 2368 1460 et
2406 1420 2470 1461 illa
2499 1420 2553 1461 de

164 1485 415 1527 Archimede
445 1486 613 1537 capita⁴)
643 1486 815 1526 inseruit
845 1488 884 1526 et
915 1485 1142 1526 sambucae
1172 1485 1496 1537 descriptionem
1527 1498 1662 1537 aeque
1690 1498 1739 1526 ac
1771 1486 1910 1526 Livius
1941 1486 2129 1536 omisit.⁵)
2165 1487 2338 1526 omnino
2368 1487 2552 1538 postulat

164 1551 434 1602 Ahrendtius,
465 1554 509 1593 ut
539 1552 618 1592 iam
649 1554 769 1593 antea
800 1552 839 1592 in
872 1551 1049 1605 Polybio
1080 1555 1120 1593 et
1152 1552 1267 1593 Livio
1297 1552 1605 1604 comparandis,
1636 1556 1679 1593 ut
1706 1552 1952 1594 Plutarchus
1978 1553 2102 1594 nimis
2126 1555 2312 1594 accurate
2338 1556 2550 1594 auctorem

165 1630 291 1660 suum
324 1620 543 1670 sequatur;
574 1618 668 1659 vide
697 1629 807 1671 quae
837 1630 874 1670 p.
905 1620 970 1667 52,
1002 1620 1025 1658 7
1055 1618 1161 1659 dicit.
1194 1630 1320 1670 saepe
1359 1619 1468 1660 enim
1510 1619 1550 1659 in
1581 1619 1674 1660 vitis
1712 1618 1917 1671 quaedam
1962 1618 2207 1660 Plutarchus
2245 1620 2296 1660 ita
2335 1619 2466 1669 adicit,
2508 1622 2552 1661 ut

163 1685 286 1736 quasi
317 1687 464 1738 agatur
502 1697 567 1726 res
606 1687 732 1737 atque
761 1688 856 1725 ante
887 1685 1039 1726 oculos
1071 1684 1329 1726 obversetur.
1360 1685 1400 1725 id
1431 1688 1569 1726 autem
1602 1685 1742 1726 minus
1774 1685 1970 1738 intellegit
2001 1684 2266 1735 Ahrendtius,
2295 1698 2330 1726 v.
2356 1698 2393 1738 p.
2419 1687 2483 1735 53,
2507 1687 2553 1735 3;

165 1753 230 1800 54,
261 1753 295 1791 5.
326 1753 363 1792 6.
393 1753 435 1800 9;
464 1752 513 1792 al.

365 1817 538 1865 Quibus
569 1816 696 1859 rebus
727 1817 929 1859 omnibus
967 1820 1157 1863 accurate
1187 1817 1464 1859 consideratis
1496 1817 1760 1859 Plutarchum
1793 1818 1865 1868 eis,
1905 1818 1976 1870 qui
2017 1818 2259 1870 respiciendi
2300 1822 2409 1868 sunt,
2448 1818 2552 1860 locis

166 1884 263 1936 plus
295 1895 476 1936 usquam
507 1883 653 1926 afferre
683 1896 809 1937 quarn
842 1883 1062 1938 Polybium
1094 1884 1330 1925 concedere
1359 1884 1476 1926 nullo
1508 1885 1641 1927 modo
1673 1897 1866 1937 possum.

367 1951 447 1992 lam
478 1951 530 1992 ad
563 1951 627 1993 illa
657 1951 746 1993 duo
777 1951 910 2004 capita
939 1954 1214 2001 transeamus,
1252 1963 1362 2004 quae
1401 1963 1529 2004 supra
1570 1952 1610 1992 in
1650 1951 1853 1993 Plutarchi
1890 1951 2028 1993 verbis
2059 1963 2153 1993 cum
2185 1951 2327 2004 Polybi
2358 1952 2422 2003 (ac
2453 1952 2553 2003 Livi)

166 2018 462 2069 comparandis
502 2018 625 2070 plane
656 2018 819 2071 neglexi
850 2020 900 2068 (c.
934 2019 994 2068 14,
1024 2020 1278 2068 27—extr.;
1317 2030 1350 2060 c.
1385 2020 1445 2069 17,
1480 2020 1731 2070 Iti—extr).
1770 2030 1877 2072 quas
1909 2021 2059 2071 partes,
2097 2018 2262 2074 quibus,
2301 2021 2346 2060 ut
2380 2018 2555 2060 breviter

165 2083 313 2134 dicam,
363 2085 417 2126 de
458 2085 708 2126 Archimede
755 2086 891 2138 agitur
941 2085 1244 2136 mathematico,
1295 2086 1470 2127 orationi
1522 2087 1699 2127 insertas
1751 2098 1848 2128 esse
1897 2098 1950 2127 eo
2003 2087 2267 2138 perspicuum
2310 2089 2385 2135 est,
2434 2086 2553 2138 quod

167 2149 412 2192 Plutarchus
451 2154 490 2192 et
528 2151 705 2205 abrupte
742 2151 795 2193 ad
835 2164 906 2194 eas
945 2152 1089 2193 transit
1128 2152 1176 2204 (c.
1212 2154 1272 2202 14,
1302 2154 1355 2193 27
1385 2154 1456 2206 τὴν
1486 2156 1563 2206 γὰρ
1595 2153 1858 2207 ἀγαπωμένην
1889 2156 1964 2194 etc.
2003 2156 2042 2194 et
2081 2165 2113 2193 c.
2149 2154 2205 2202 17,
2239 2153 2288 2193 16
2325 2153 2554 2204 τηλικοῦτον

165 2218 295 2271 μέντοι
325 2219 524 2271 φρόνημα)
555 2222 605 2268 et,
636 2221 680 2259 ut
711 2218 849 2259 redeat
879 2218 932 2259 ad
964 2219 1238 2260 narrationem
1270 2222 1319 2268 (c.
1354 2221 1402 2259 14
1433 2222 1533 2260 extr.
1564 2222 1604 2260 et
1634 2232 1667 2261 c.
1704 2221 1751 2260 18
1781 2220 1862 2271 in.),
1893 2220 2137 2261 sententiam
2167 2219 2290 2259 addit.
2321 2230 2386 2260 res
2415 2222 2554 2260 autem

167 2283 336 2325 duabus
367 2283 443 2326 illis
475 2284 662 2337 partibus
694 2287 896 2335 tractatas,
934 2296 1111 2338 quarum
1152 2297 1292 2338 neque
1323 2284 1542 2338 Polybium
1584 2298 1722 2339 neque
1754 2285 1911 2327 Livium
1952 2286 2203 2327 mentionem
2243 2284 2377 2326 iacere
2407 2285 2554 2326 mirum

167 2361 255 2391 non
286 2353 362 2400 est,
385 2362 409 2391 a
439 2351 520 2392 vita
549 2351 687 2405 aliqua
717 2351 979 2393 Archimedis
1011 2352 1159 2404 petitas
1191 2364 1288 2394 esse
1318 2352 1500 2394 iudicare
1531 2365 1619 2394 non
1651 2352 1940 2402 dubitamus.⁶)

367 2417 624 2460 Ahrendtius
667 2431 767 2460 vero
810 2432 848 2471 p.
875 2420 1039 2460 76—-82
1080 2422 1233 2460 temere
1275 2431 1450 2472 magnas
1493 2420 1629 2472 ipsius
1672 2420 1917 2461 narrationis
1960 2423 2096 2472 partes
2136 2431 2230 2460 cum
2274 2419 2339 2460 his
2382 2419 2555 2460 duobus

166 2483 373 2535 capitibus
420 2484 670 2527 coniunctas
720 2485 855 2527 eidem
906 2485 1168 2527 Archimedis
1210 2486 1316 2527 vitae
1364 2486 1555 2528 attribuit.
1604 2499 1689 2539 qua
1739 2486 2003 2528 Plutarchum
2061 2487 2135 2527 iam
2196 2486 2293 2527 inde
2347 2499 2370 2527 a
2419 2486 2555 2526 verbis

372 2573 395 2614 ¹)
420 2572 460 2606 cf.
487 2572 656 2608 Ahrendt.
682 2585 715 2618 p.
740 2575 794 2615 60,
818 2575 849 2608 6.

367 2629 392 2667 9)
417 2638 488 2671 qua
511 2629 557 2663 de
582 2639 618 2663 re
643 2631 703 2673 qui
728 2632 865 2665 veteres
890 2630 1078 2674 scriptores
1104 2630 1255 2664 referant
1279 2633 1463 2665 enumerat
1488 2631 1597 2665 Niese
1622 2631 1642 2665 1.
1664 2632 1683 2665 Ι.
1704 2633 1781 2674 538,
1808 2634 1834 2666 l.
1860 2633 1890 2667 2.
1916 2633 1946 2666 3.

368 2686 394 2727 ³)
420 2684 465 2718 de
490 2684 532 2718 iis
556 2695 586 2719 v.
606 2685 704 2720 inira.

368 2740 394 2784 ⁴)
420 2750 513 2784 quae
545 2751 565 2775 a
599 2740 748 2786 Polybio
781 2742 888 2786 petita
922 2752 993 2777 non
1027 2752 1108 2777 esse
1142 2745 1297 2786 apparet.
1331 2742 1547 2777 Ahrendtius
1580 2745 1699 2778 tamen
1734 2754 1766 2787 p.
1791 2744 1844 2786 53,
1868 2744 1889 2777 2
1922 2753 1964 2778 ea
1991 2745 2198 2777 annumerat
2233 2742 2321 2784 „den
2348 2741 2557 2784 Tatsachen,

168 2796 303 2830 welche
331 2795 491 2830 Plutarch
515 2807 674 2840 genauer
696 2798 866 2833 berichtet
891 2799 942 2832 als
969 2798 1169 2843 Polybius,“
1195 2798 1324 2841 quibus
1351 2798 1573 2833 Plutarchum
1600 2809 1620 2833 a
1646 2799 1794 2844 Polybio
1819 2800 2023 2843 dependere
2048 2802 2161 2842 neget.

369 2852 396 2895 ⁶)
421 2852 461 2886 cf.
488 2852 592 2887 etiam
619 2853 788 2888 Ahrendt.
814 2865 847 2898 p.
872 2855 926 2896 63,
950 2855 980 2889 3.

368 2909 394 2948 ⁶)
421 2910 600 2942 auctorem
625 2909 716 2943 vitae
740 2910 962 2944 Archimedis
995 2910 1129 2943 nullum
1155 2910 1319 2944 novimus
1352 2910 1419 2944 nisi
1446 2911 1669 2945 Heraclidem
1705 2911 1874 2954 (Archim,
1896 2911 1951 2945 ΙΙΙ.
1975 2911 2049 2951 266,
2078 2912 2090 2943 1
2122 2909 2314 2953 Heiberg.),
2344 2909 2443 2942 cuius
2467 2908 2558 2942 libro

170 2961 335 2996 Eutocius
376 2973 462 2998 usus
504 2966 559 2998 est
598 2967 702 2999 sexto
734 2976 767 3009 p.
796 2964 878 3000 Chr.
906 2976 939 3000 n.
964 2966 1118 3000 saeculo.
1152 2975 1259 3009 quem
1303 2965 1527 3000 Heraclidem
1570 2967 1722 3001 amicum
1757 2977 1837 3002 esse
1872 2966 2101 3009 Archimedis,
2141 2975 2247 3009 quem
2288 2964 2363 3008 ipse
2405 2965 2465 3007 (de
2498 2964 2557 2999 lin.

169 3017 250 3060 spir.
274 3018 306 3059 2,
330 3020 361 3053 4.
386 3019 418 3061 6,
441 3019 463 3053 9
489 3020 675 3064 Heiberg.)
707 3021 1010 3063 commemoravit,
1043 3021 1128 3054 mihi
1157 3021 1295 3055 videtur
1318 3021 1507 3056 verisimile
1532 3032 1623 3056 esse.
1648 3023 1690 3056 cf.
1712 3023 1879 3066 Heiberg.
1905 3023 1938 3056 in
1972 3022 2084 3055 indice
2116 3021 2159 3054 ad
2185 3020 2405 3054 Archimedis
2431 3020 2560 3065 scripta

168 3073 369 3116 composito
405 3075 488 3118 (vol.
514 3074 559 3109 lll
585 3075 683 3117 524);
713 3075 902 3119 Susemihl,
937 3075 1077 3111 Griech.
1104 3074 1325 3111 Litt-Gesch.
1347 3076 1358 3110 l
1384 3077 1449 3110 724
1474 3087 1521 3118 s.;
1559 3077 1719 3112 Hultsch.
1745 3078 1839 3121 apud
1877 3075 2288 3122 Paulyum-Wissowam.
2324 3085 2415 3119 quae
2449 3075 2478 3110 si
2511 3076 2560 3110 ita

168 3131 267 3182 sunt,
286 3129 311 3162 it
334 3129 478 3172 quidem
503 3131 615 3171 conici
641 3133 760 3173 potest
783 3133 818 3164 et
841 3140 968 3165 omnes
995 3131 1216 3165 Archimedis
1240 3132 1339 3173 vitas,
1365 3142 1456 3175 quae
1476 3142 1496 3165 a
1514 3133 1691 3166 veteribus
1719 3133 1920 3166 auctoribus
1946 3133 2093 3175 scriptae
2111 3132 2189 3173 sint,
2214 3133 2249 3164 et
2272 3131 2360 3164 haec
2384 3130 2557 3166 Plutarchi

168 3182 283 3225 capita
308 3184 352 3217 ad
377 3184 445 3218 hoc
471 3185 668 3219 Heraclidis
693 3196 785 3228 opus
810 3186 993 3219 referenda
1019 3196 1109 3219 esse.
