2789 3532
1357 112 1447 158 XVl

201 260 442 302 oppressos
485 248 525 289 in
567 246 779 289 cubilibus
821 246 1139 290 interfecerunt“
1182 253 1333 302 posset
1374 250 1555 305 intellegi
1587 265 1660 301 ——;
1681 252 1705 299 ¹)
1755 249 1806 292 illi
1848 262 1949 293 vero
1990 249 2112 304 pauci
2154 247 2359 292 custodes
2403 247 2443 290 in
2487 259 2609 291 muro

201 316 517 365 remansissent,
555 315 678 356 cuius
710 315 750 355 in
782 313 967 356 turribus
999 314 1313 368 dormivissent,
1352 318 1554 371 quoniam
1587 318 1627 359 in
1659 318 1756 371 ipso
1793 330 1916 360 muro
1946 317 2096 360 cubilia
2125 328 2224 358 esse
2254 328 2341 358 non
2373 317 2609 369 poterant2)

403 383 555 436 Neque
593 384 731 424 tamen
773 393 838 423 res
878 382 932 423 ita
972 381 1060 424 tuit.
1101 395 1196 425 nam
1238 387 1283 426 ut
1322 385 1509 427 omittam
1543 397 1596 427 ne
1625 388 1713 427 tum
1746 385 1917 439 quidem
1950 385 2004 427 de
2037 383 2217 438 „ingenti
2249 383 2499 426 solitudine“
2528 382 2608 425 dici

201 451 398 504 potuisse
428 461 568 503 neque
597 451 807 502 „paucos“
838 449 878 489 in
911 460 1035 490 muro
1066 462 1340 493 remansuros
1370 451 1517 503 fuisse,
1556 456 1600 493 ut
1639 453 1679 492 in
1720 453 1811 493 eius
1851 452 2034 494 turribus
2073 444 2312 500 dormirent,
2350 454 2461 492 certe
2495 462 2608 503 opus

200 522 285 560 erat
329 517 534 571 Hexapyli
566 530 590 558 a
621 516 725 558 muri
757 516 942 558 turribus
973 516 1157 559 dilucide
1195 519 1442 561 discernere.
1474 519 1653 561 omnino
1684 518 1787 562 haec
1817 519 2109 573 interpretatio,
2147 517 2385 572 praesertim
2417 530 2513 561 cum
2546 517 2610 560 illa

200 588 361 628 tantum
394 584 635 627 coniectura
664 583 942 635 „custodum“
973 583 1188 637 efficiatur,
1219 586 1400 627 maxime
1429 589 1494 628 est
1523 585 1758 628 artificiosa.
1797 598 1893 628 nam
1934 587 1967 629 si
2011 588 2149 628 mente
2179 586 2337 639 integra
2369 584 2452 625 Livi
2483 585 2610 627 verba

201 653 439 707 legerimus,
464 655 598 693 turres
623 651 712 693 illas
744 651 873 692 muri
900 663 999 693 esse
1023 652 1329 706 intellegemus,
1360 653 1520 706 quippe
1544 664 1652 706 quas
1682 652 1915 707 antequam*
1934 654 1987 696 ad
2014 654 2280 707 Hexapylum
2305 652 2609 705 pervenissent,

202 720 421 762 Romanos
453 719 671 772 praeterire
702 730 880 759 necesse
910 721 1035 759 esset.
1067 721 1156 760 tum
1187 731 1300 769 vero,
1340 722 1383 760 ut
1415 731 1543 771 supra
1573 720 1670 770 dixi,
1712 721 1832 773 quod
1863 721 2051 762 additum
2083 724 2157 771 est,
2188 731 2375 773 „paucos
2406 752 2608 761 ......

200 787 517 829 interfecerunt“
546 786 599 827 ad
632 798 717 827 rem
751 786 867 827 nullo
899 785 1034 827 modo
1066 787 1273 839 congruit.

404 853 543 895 Livius
582 855 722 894 autem
763 852 797 894 si
838 851 915 894 has
956 864 1035 902 res,
1074 853 1314 905 praesertim
1355 864 1451 894 cum
1493 864 1581 894 non
1621 856 1735 895 esset
1775 853 1908 896 homo
1949 855 2141 905 militaris,
2180 855 2319 895 minus
2359 853 2539 894 dilucide
2569 856 2608 893 et

201 922 425 975 perspicue
468 920 653 969 narravit,
696 920 736 960 id
780 931 833 960 eo
876 920 1149 972 potissimum
1193 920 1346 961 factum
1391 932 1488 960 esse
1530 920 1726 972 equidem
1770 922 1978 972 existimo,
2021 922 2139 975 quod
2182 921 2265 962 hoc
2303 932 2480 973 quoque
2510 920 2607 962 loco

201 989 422 1042 Polybium
454 991 550 1029 ante
580 987 732 1028 oculos
765 986 910 1027 habuit
939 999 988 1028 ac
1018 990 1176 1028 vertere
1207 987 1346 1028 voluit.
1383 989 1510 1039 atque
1546 999 1588 1028 re
1618 999 1715 1029 vera
1754 1000 1880 1040 quam
1923 989 2050 1030 multa
2088 988 2154 1030 hic
2192 988 2244 1030 ad
2283 986 2456 1029 verbum
2488 999 2608 1029 versa

201 1055 320 1098 sunt!
353 1054 466 1097 velut
499 1054 638 1095 Livius
668 1055 739 1106 τὴν
771 1054 930 1106 ἐφοδίαν
962 1056 1152 1107 ἔρημον
1184 1056 1362 1106 εὕρισκον
1389 1065 1485 1103 rem,
1512 1056 1555 1094 ut
1582 1054 1766 1106 saepius,
1798 1055 1921 1097 nimis
1946 1067 2110 1109 augens
2135 1055 2251 1096 vertit
2276 1066 2371 1107 „per
2395 1055 2605 1107 ingentem

201 1122 508 1164 solitudinem“.
539 1120 693 1161 deinde
724 1120 773 1161 ct.

267 1191 301 1230 οἱ
332 1192 409 1243 γὰρ
442 1190 495 1237 εἰς
524 1191 612 1236 τοὺς
642 1190 814 1240 πύργους
838 1188 1095 1241 ἠθροισμένοι
1120 1189 1183 1226 διὰ
1208 1190 1277 1239 τὴν
1305 1188 1442 1226 θυσίαν
1514 1187 1612 1240 quia
1643 1199 1797 1240 magna
1829 1200 1924 1240 pars
1956 1189 1995 1228 in
2028 1188 2209 1229 turribus
2240 1188 2390 1240 epulati

267 1259 301 1298 οἱ
332 1258 402 1311 μὲν
434 1258 566 1310 ἀκμὴν
598 1257 727 1295 ἔπινον
1513 1256 1583 1295 aut
1615 1254 1742 1306 sopiti
1774 1255 1876 1297 vino
1907 1258 2021 1297 erant

267 1326 301 1365 οἱ
328 1325 580 1377 δ’ἐκοιμῶντο
610 1323 732 1363 πάλαι
762 1323 1051 1376 μεθυσκόμενοι
1513 1324 1583 1361 aut
1616 1322 1874 1375 semigraves
1906 1323 2118 1375 potabant.

200 1396 286 1433 tum
321 1403 399 1444 pro
430 1392 654 1437 ἐπιστάντες
685 1393 795 1442 ἄφνω
825 1393 914 1437 τοὺς
944 1390 1147 1437 πλείστους
1178 1391 1302 1428 αὐτῶν
1334 1389 1635 1437 ἀποκτείναντες
1666 1388 1793 1430 verba
1822 1402 2009 1441 „paucos
2041 1402 2186 1431 eorum
2219 1401 2456 1441 oppressos
2488 1389 2606 1430 inter—

199 1459 411 1500 fecerunt“
455 1457 606 1499 scribit.
650 1457 726 1498 sed
770 1469 879 1506 cum,
930 1460 1193 1508 quantopere
1234 1468 1281 1496 ea
1322 1455 1574 1496 abhorreant
1615 1455 1668 1496 ab
1710 1456 1890 1508 „ingenti
1934 1456 2193 1506 solitudine,“
2234 1456 2607 1506 animadvertisset,

200 1536 350 1566 vocem
382 1525 568 1574 „tamen“
598 1523 725 1563 addit.

402 1591 483 1631 lam
529 1590 807 1641 scriptoribus
855 1592 1047 1630 accurate
1095 1590 1197 1628 inter
1245 1600 1291 1628 se
1339 1589 1593 1640 comparatis
1644 1588 1802 1628 Livium
1852 1589 1892 1628 in
1942 1589 2263 1641 oppugnatione
2304 1587 2604 1641 Syracusarum

199 1657 428 1699 enarranda
471 1669 561 1698 uno
602 1659 774 1698 auctore
817 1655 996 1708 Polybio
1029 1667 1153 1696 usum
1192 1667 1289 1696 esse
1328 1654 1636 1707 cognovimus:
1677 1654 1878 1707 sequitur,
1909 1657 1953 1696 ut
1985 1654 2059 1705 ille,
2089 1654 2207 1707 quod
2238 1654 2290 1695 ad
2323 1666 2388 1696 res
2420 1654 2606 1707 pertinet,

199 1724 364 1778 neglegi
397 1723 538 1777 possit
569 1722 629 1764 eis
661 1721 832 1776 quidem
866 1722 905 1762 in
939 1721 1138 1775 partibus,
1178 1733 1286 1774 quae
1317 1720 1489 1761 eaedem
1520 1732 1544 1761 a
1575 1720 1754 1774 Polybio
1793 1720 1963 1761 traditae
2000 1723 2106 1761 sunt.
2138 1721 2283 1761 ceteris
2321 1723 2459 1761 autem
2500 1721 2604 1761 locis

197 1792 294 1845 quis
335 1802 423 1832 non
463 1790 577 1831 videt
619 1790 700 1830 Livi
740 1789 867 1829 fidem
908 1792 1035 1841 atque
1074 1789 1360 1829 auctoritatem
1394 1789 1515 1828 valde
1554 1800 1652 1829 esse
1691 1788 1964 1837 imminutam,
2004 1789 2103 1840 quin
2136 1789 2255 1828 etiam
2287 1789 2321 1828 ei
2354 1788 2393 1827 in
2426 1788 2604 1840 singulis

197 1859 389 1899 diffidere
420 1870 535 1909 opus
568 1858 694 1897 esse?

405 1972 425 2007 ¹)
453 1969 576 2001 Holmi
602 1967 747 2007 (Oesch.
773 1968 838 2001 Siz.
861 1968 905 2000 ΙΙΙ
933 1978 964 2009 p.
985 1969 1044 2008 59)
1075 1968 1181 2000 verba
1214 1977 1302 2007 „nur
1335 1967 1476 2008 wenige
1510 1966 1658 1999 mussten
1685 1966 1974 2008 niedergemacht
2000 1966 2165 1999 werden“
2199 1966 2411 1999 conveniunt
2436 1976 2500 1999 nec
2524 1976 2602 1999 cum

199 2026 294 2059 Livio
320 2035 386 2059 nec
409 2035 488 2058 cum
517 2023 678 2068 PolybiO,
704 2023 766 2057 sed
793 2023 872 2057 ficta
898 2025 990 2057 sunt.

399 2081 424 2123 ⁹)
452 2080 486 2113 id
512 2079 612 2123 quod
639 2079 809 2112 Luchsius
834 2079 1002 2122 neglegit,
1027 2079 1086 2121 qui
1117 2078 1216 2110 dicit:
1255 2088 1408 2119 „magna
1434 2079 1537 2119 pars“
1563 2079 1795 2119 opponuntur
1821 2077 1850 2109 ei
1889 2077 2046 2118 ‚,pauci“‚
2072 2077 2130 2117 qui
2156 2076 2229 2109 suis
2249 2077 2334 2109 locis
2360 2079 2605 2109 remanserant

196 2137 316 2180 ibique
336 2147 355 2170 a
383 2136 554 2171 Romanis
581 2135 615 2169 in
642 2135 815 2169 cubilibus
840 2134 1099 2179 opprimuntur.
