2789 3532
212 262 253 300 et
285 258 508 302 Diodorus
539 261 629 302 aliis
661 260 766 302 locis
796 271 893 301 cum
928 260 1043 301 Livio
1073 262 1324 312 consentiat,
1360 262 1450 303 illae
1479 274 1545 303 res
1575 262 1628 303 ad
1662 261 1845 304 Dionem
1877 261 2008 304 redire
2037 261 2278 314 videntur.¹)
2334 263 2411 305 etsi
2442 263 2618 306 Tzetzes

212 325 310 378 plus
347 325 520 379 praebet
561 337 689 380 quam
721 326 921 376 Zonaras,
963 337 1051 368 non
1084 329 1159 378 est,
1201 327 1321 381 quod
1364 331 1564 381 putemus
1605 328 1781 370 Tzetzae
1821 327 1947 370 verba
1986 339 2011 369 a
2054 327 2196 370 Dione
2236 340 2325 371 non
2366 328 2619 383 dependere,

211 393 419 445 quoniam
450 394 640 435 Zonaras
674 393 826 435 Dionis
856 393 983 434 verba
1014 394 1054 434 in
1087 394 1257 436 brevius
1289 396 1506 437 contraxit.
1565 398 1747 437 ceterum
1791 396 1825 437 si
1865 395 2084 448 exquirere
2117 395 2331 446 volumus,
2369 396 2528 450 quibus
2563 409 2617 439 ex

210 458 406 501 fontibus
437 460 663 512 scriptores
695 459 921 508 hauserint,
952 459 1217 502 Archimedis
1258 462 1404 502 mortis
1436 462 1693 503 narrationes
1724 461 1930 514 respicere
1967 461 2037 502 vix
2067 472 2182 514 opus
2212 463 2289 512 est,
2327 473 2423 503 cum
2463 474 2512 504 ea
2550 474 2616 504 res

211 525 424 568 veteribus
457 526 702 567 hominibus
735 526 956 567 notissima
987 530 1102 567 esset
1133 530 1172 568 et
1203 527 1373 569 diverso
1404 528 1538 569 modo
1571 540 1699 580 saepe
1728 531 1968 578 narraretur,
1997 527 2047 570 cf.
2072 528 2203 570 Valer.
2229 528 2342 569 Max.

865 646 915 689 Β.
950 646 1023 690 De
1057 647 1222 692 Dione
1254 648 1651 692 Cassio-Zonara
1680 649 1749 700 (ΙΧ
1780 662 1813 691 c.
1842 651 1879 691 4.
1910 652 1973 699 5.).

415 737 580 778 Plurimi
612 736 683 777 viri
716 736 828 778 docti
872 735 1055 778 Dionem
1100 737 1161 779 eis
1204 737 1309 779 locis
1342 737 1457 779 Livio
1489 749 1613 779 usum
1658 749 1756 779 esse
1786 737 2035 779 existimant.
2095 741 2134 780 et
2176 750 2218 779 re
2253 750 2349 780 vera
2389 741 2616 789 auctorem,

209 816 337 856 quem
366 805 449 845 Dio
476 807 650 845 secutus
675 807 752 849 est,
776 816 873 845 cum
899 804 1014 845 Livio
1039 808 1161 853 arcta,
1185 809 1229 846 ut
1254 807 1306 846 ita
1331 806 1478 854 dicam,
1501 805 1814 857 propinquitate
1832 805 2106 847 coniunctum
2127 817 2225 847 esse
2250 806 2386 847 statim
2409 805 2615 848 videmus.

210 883 352 924 neque
382 873 521 913 tamen
553 870 857 923 discrepantiae
886 870 1055 913 desunt.

411 937 473 980 Ac
504 937 682 992 primum
716 949 812 979 cum
846 936 1024 992 Polybio
1055 941 1202 980 contra
1229 939 1385 980 Livium
1417 937 1630 979 consentit
1664 937 1747 979 Dio
1778 937 1956 980 duobus
1987 938 2111 980 locis:
2170 942 2473 980 commemorat
2503 941 2613 981 enim

214 1007 251 1055 l)
282 1005 431 1045 milites
458 1005 652 1045 sublatos
683 1005 805 1053 (Zon.
837 1005 888 1044 ΙΧ
917 1007 956 1053 4,
988 1007 1028 1053 7)
1059 1029 1113 1033 —
1145 1007 1221 1046 sed
1253 1007 1287 1046 is
1319 1007 1440 1046 locus
1471 1008 1697 1056 corruptus
1729 1017 1827 1045 esse
1857 1006 2020 1045 videtur
2054 1018 2103 1046 ac
2132 1007 2311 1058 intellegi
2343 1018 2430 1047 non
2461 1009 2615 1058 potest,

209 1071 260 1112 cf.
287 1071 548 1112 Boissevain.
599 1070 723 1112 Dion.
750 1071 760 1112 l
794 1084 832 1122 p.
856 1072 941 1111 233'
968 1071 1112 1113 adnot.
1143 1072 1195 1112 ad
1226 1073 1291 1113 3a-
1317 1086 1387 1121 —;
1417 1073 1459 1122 2)
1491 1070 1600 1123 Appi
1626 1070 1836 1121 „Pulchri“
1868 1083 2026 1113 nomen
2052 1071 2157 1113 Zon.
2184 1071 2236 1113 lx
2265 1074 2303 1122 4,
2327 1073 2365 1123 9,
2395 1071 2445 1115 cf.
2469 1071 2614 1126 Polyb.

209 1138 347 1188 vl119,
381 1139 430 1178 12
461 1140 501 1179 et
528 1138 609 1180 Liv.
635 1137 764 1178 XXlV
789 1139 905 1188 35,1,
935 1138 1056 1191 quod
1088 1138 1263 1180 minoris
1296 1137 1494 1179 momenti
1527 1140 1602 1178 est.
1633 1161 1686 1166 —
1718 1140 1928 1190 praeterea
1955 1137 2078 1190 plane
2104 1149 2190 1179 non
2217 1138 2492 1180 consentiunt
2516 1151 2612 1180 cum

210 1205 325 1245 Livio
357 1216 529 1257 pugnae
561 1205 811 1245 l-limilconis
844 1206 895 1245 ΙΧ
925 1207 963 1254 4,
993 1207 1030 1245 9.
1892 1192 1897 1197 ’
2571 1193 2574 1195 ’

409 1272 522 1314 Cum
557 1273 671 1313 Livio
709 1276 847 1313 autem
880 1276 1026 1313 contra
1058 1272 1279 1326 Polybium
1314 1272 1396 1312 Dio
1438 1271 1661 1321 consentit,
1704 1271 1774 1313 ubi
1816 1278 1906 1324 νῆες
1947 1274 2013 1312 καὶ
2054 1273 2297 1326 πυργοφόροι
2334 1272 2615 1315 admoventur

205 1339 329 1389 (Zon.
361 1338 413 1380 ΙΧ
443 1341 481 1389 4,
512 1341 565 1389 7),
594 1351 703 1392 quae
733 1338 917 1381 turribus
956 1339 1034 1381 illis
1066 1338 1344 1381 contabulatis
1378 1338 1459 1380 Livi
1504 1338 1651 1390 (xxlv
1681 1340 1746 1389 34,
1789 1340 1830 1389 7)
1863 1338 2136 1392 respondent,
2177 1350 2273 1380 cum
2316 1338 2518 1393 Polybius
2561 1340 2614 1381 de

207 1406 425 1447 sambucis
457 1407 662 1459 loquatur.
720 1406 835 1459 apud
868 1406 1134 1447 Plutarchum
1166 1409 1304 1447 autem
1337 1418 1418 1446 nos
1453 1406 1605 1447 Dionis
1632 1405 1779 1447 similia
1815 1406 1998 1447 invenire
2039 1418 2113 1458 per
2151 1418 2198 1447 se
2227 1406 2486 1460 intellegitur,
2516 1407 2614 1460 quia

208 1485 306 1514 curn
334 1472 514 1526 Polybio
545 1477 584 1515 et
617 1474 730 1514 Livio
761 1477 842 1514 tam
875 1476 986 1514 arcte
1017 1474 1287 1526 propinquus
1319 1476 1393 1514 est.

408 1539 692 1581 Schwartzius
735 1541 773 1579 in
816 1539 1224 1593 Paulyi-Wissowae
1273 1539 1599 1592 encyclopaedia
1640 1542 1731 1580 toto
1778 1539 1930 1580 Dionis
1974 1551 2103 1591 opere
2145 1540 2384 1581 examinato
2429 1540 2611 1581 Dionem

204 1607 373 1659 aliquos
398 1607 611 1648 annalium
639 1606 865 1659 scriptores
891 1606 989 1648 dicit
1015 1609 1208 1648 secutum
1235 1618 1342 1657 esse,
1368 1618 1472 1648 non
1502 1606 1681 1657 Livium,
1706 1605 1800 1648 illos
1825 1608 1964 1647 autem
1991 1605 2057 1647 hic
2083 1606 2160 1648 illic
2184 1605 2412 1660 Polybiana
2436 1618 2613 1660 quoque

206 1673 453 1714 servavisse.
512 1672 657 1723 „Dio“‚
687 1673 832 1725 inquit,
862 1673 975 1725 „gibt
999 1672 1067 1713 fiir
1090 1673 1158 1714 die
1188 1677 1324 1714 ersten
1356 1675 1382 1714 6
1408 1672 1714 1725 Jahrhunderte
1745 1673 1819 1713 der
1848 1673 1966 1714 Stadt
1996 1673 2088 1713 eine
2114 1673 2347 1725 Mischung
2376 1673 2451 1714 der
2473 1673 2612 1714 Anna-

206 1740 326 1786 listik,
357 1740 424 1780 die
455 1742 562 1780 trotz
586 1740 683 1780 aller
707 1739 1012 1792 Beriihrungen
1044 1752 1130 1780 von
1159 1740 1296 1780 Livius
1323 1739 1599 1791 unabhangig
1623 1739 1698 1789 ist;
1728 1739 1806 1780 das
1837 1739 1889 1780 ist
1916 1738 1994 1780 das
2019 1738 2413 1790 Gesamt-Resultat,
2443 1740 2520 1781 das
2550 1739 2612 1782 als

207 1807 344 1847 sicher
374 1806 621 1848 bezeichnet
652 1807 821 1847 werden
853 1806 977 1848 darf.“
1025 1819 1135 1858 quae
1165 1807 1224 1847 vir
1254 1807 1408 1848 doctus
1440 1807 1554 1856 eruit,
1584 1806 1705 1847 etiam
1737 1806 1790 1847 ad
1822 1809 2015 1848 nostrum
2042 1806 2181 1848 locum
2210 1806 2370 1858 optime
2394 1806 2612 1859 quadrant.

205 1885 290 1926 qua
321 1886 364 1915 re
396 1872 580 1915 Dionem
614 1872 698 1916 hoc
728 1873 824 1916 loco
854 1872 1036 1927 aliquem
1068 1873 1278 1915 annalium
1312 1873 1570 1927 scriptorem,
1601 1873 1672 1926 qui
1700 1875 1739 1914 et
1767 1872 1848 1914 Livi
1876 1872 2110 1914 simillimus
2135 1875 2219 1914 erat
2244 1875 2283 1914 et
2308 1873 2436 1914 multa
2466 1872 2610 1928 Polybi

204 1940 383 1993 vestigia
413 1939 651 1992 praebebat,
683 1943 875 1980 secutum
907 1951 1005 1980 esse
1036 1951 1120 1992 ego
1151 1952 1328 1991 quoque
1358 1952 1527 1980 censeo.

406 2007 489 2048 Sed
521 2007 632 2048 duae
663 2007 812 2048 horum
845 2007 1036 2048 Zonarae
1066 2007 1248 2058 capitum
1280 2007 1348 2057 (lx
1378 2008 1416 2047 4.
1446 2009 1487 2056 5)
1519 2010 1657 2059 partes
1688 2006 1961 2058 excipiendae
1991 2009 2109 2047 sunt:
2140 2006 2318 2058 primum
2351 2006 2474 2057 enim,
2504 2018 2613 2059 quae

204 2073 258 2115 de
289 2073 475 2127 speculis
507 2073 717 2123 causticis,
748 2072 901 2115 deinde
931 2084 1042 2127 quae
1073 2072 1127 2115 de
1157 2072 1418 2115 Archimedis
1450 2075 1585 2115 morte
1616 2074 1759 2114 narrat.
1798 2084 1907 2126 quae
1946 2075 2085 2126 partes
2124 2072 2177 2114 ad
2208 2072 2333 2114 alium
2366 2073 2610 2126 scriptorem

204 2141 380 2182 redeunt
404 2144 548 2191 aetate,
579 2143 625 2181 ut
649 2143 829 2193 apparet,
854 2141 1148 2193 posteriorem,
1173 2141 1243 2192 qui
1270 2140 1493 2181 Graecis
1525 2141 1723 2181 litteris
1755 2152 1892 2192 opus
1925 2152 2075 2180 suum
2107 2141 2461 2192 conscripsit:
2492 2141 2611 2192 quod

204 2208 519 2249 demonstratur
548 2207 688 2248 verbis
718 2209 811 2259 παρ’
841 2209 1033 2260 κεφαλὰν,
1065 2210 1156 2259 ἔφη,
1187 2210 1253 2247 καὶ
1284 2210 1337 2261 μὴ
1368 2211 1477 2260 παρὰ
1506 2208 1739 2261 γραμμάν.2)
1778 2207 1888 2247 duae
1926 2207 2050 2259 igitur
2088 2211 2226 2259 partes
2265 2219 2361 2248 cum
2402 2210 2441 2248 et
2480 2219 2612 2248 narra-

206 2275 483 2316 tiuncularum
517 2274 849 2316 memorabilium
884 2274 1068 2327 speciem
1102 2274 1327 2327 praebeant
1358 2277 1397 2316 et
1426 2274 1479 2316 ad
1512 2273 1806 2316 Archimedem
1838 2274 2081 2327 pertineant,
2112 2286 2163 2316 ex
2195 2274 2445 2316 collectione
2475 2285 2611 2316 rerum

206 2341 538 2384 memorabilium
571 2341 740 2384 Graeco
772 2353 968 2384 sermone
999 2342 1240 2394 conscripta
1270 2341 1463 2383 videntur
1493 2341 1770 2394 depromptae
1801 2352 1907 2382 esse.

1210 2463 1262 2507 C.
1297 2462 1370 2506 De
1401 2462 1615 2516 Appiani

1064 2544 1111 2582 ἐκ
1141 2548 1211 2594 τῆς
1242 2541 1452 2594 Σικελικῆς
1484 2541 1570 2583 libr.
1596 2553 1629 2583 c.
1657 2543 1693 2583 3.
1718 2543 1755 2583 4.

408 2631 524 2672 Haec
555 2630 788 2684 fragmenta
818 2631 857 2672 id
889 2634 1049 2673 tantum
1082 2631 1161 2673 dici
1195 2634 1336 2684 potest
1366 2643 1462 2673 cum
1497 2631 1590 2681 Liv„
1621 2630 1691 2683 qui
1724 2630 1844 2672 solus
1877 2630 1931 2672 de
1962 2630 2122 2672 eisdem
2156 2630 2283 2672 rebus
2315 2630 2446 2680 refert,
2482 2630 2614 2672 xxlv

203 2700 370 2740 27—29
400 2701 440 2740 et
470 2698 652 2740 fortasse
682 2698 796 2739 XXV
826 2700 889 2749 26,
919 2700 944 2740 3
977 2711 1065 2740 non
1097 2699 1347 2740 consentire.
1390 2710 1530 2751 neque
1561 2697 1674 2739 haud
1706 2697 2022 2751 neglegendum
2062 2700 2126 2739 est
2156 2697 2341 2751 Tycham
2374 2697 2614 2750 proditione

200 2769 364 2819 captam
415 2778 514 2807 esse
560 2765 613 2806 ab
662 2764 858 2817 Appiano
907 2766 1076 2815 narrari;
1126 2766 1246 2818 quod
1295 2777 1391 2806 cum
1439 2765 1554 2817 apud
1604 2765 1813 2806 neminem
1855 2765 2031 2806 aliorum
2074 2768 2296 2806 auctorum
2339 2764 2614 2815 inveniamus,

202 2833 425 2886 Appianus
457 2832 705 2884 scriptorem
738 2832 778 2872 in
811 2844 935 2873 suum
968 2844 1095 2874 usum
1127 2832 1291 2874 videtur
1321 2833 1519 2881 vertisse,
1538 2832 1608 2884 qui
1641 2843 1737 2873 cum
1765 2831 1880 2873 nullo
1911 2831 1993 2873 alio
2017 2834 2190 2873 auctore
2215 2833 2381 2873 servato
2407 2830 2613 2873 cohaeret.

406 2945 430 2987 ¹)
454 2946 610 2977 ceterum
648 2953 702 2983 ea,
739 2953 831 2986 quae
867 2944 1011 2977 Tzetzes
1053 2944 1098 2977 de
1137 2944 1359 2977 Archimedis
1397 2947 1509 2976 morte
1552 2948 1677 2985 narrat,
1719 2953 1739 2976 a
1775 2943 1886 2976 tribus
1922 2943 2091 2977 omnibus
2136 2942 2309 2976 Plutarchi
2352 2942 2612 2976 narrationibus

199 2999 410 3043 discrepant.
447 2999 676 3034 consentiunt
712 3001 830 3033 autem
868 3009 921 3041 ea,
963 3009 1055 3043 quae
1092 2999 1238 3033 Tzetzes
1275 3010 1305 3033 v.
1334 3000 1395 3033 107
1432 2998 1477 3032 de
1514 2998 1592 3032 navi
1629 2998 1789 3033 oneraria
1832 2998 1877 3033 ab
1916 2997 2127 3032 Archimede
2171 2999 2334 3042 promota
2370 3000 2496 3040 narrat,
2532 3007 2610 3031 cum

202 3055 290 3089 Plut.
316 3065 345 3089 e.
368 3057 407 3088 14
431 3067 462 3089 ν.
481 3058 534 3089 50.

403 3111 454 3145 Ex
481 3110 599 3145 Dione
625 3111 730 3145 etiam
757 3121 799 3144 ea
823 3112 899 3144 orta
925 3113 1018 3153 sunt,
1043 3121 1135 3154 quae
1161 3110 1308 3144 Tzetzes
1333 3110 1378 3144 de
1403 3109 1556 3153 speculis
1582 3110 1743 3144 causticis
1770 3109 1884 3152 refert,
1910 3109 1952 3143 ef.
1979 3109 2068 3143 Zon.

401 3167 626 3201 afferendum
653 3169 707 3200 est
731 3166 821 3200 Zon.
851 3167 902 3208 14,
927 3168 958 3207 3,
984 3166 1024 3200 cf.
1048 3167 1152 3200 Dion.
1174 3165 1277 3200 Cass.
1298 3166 1352 3200 ed.
1375 3165 1592 3199 Boissevain.
1614 3176 1646 3209 p.
1665 3167 1731 3200 232
1756 3166 1801 3199 ad
1827 3177 1857 3200 v.
1882 3167 1921 3199 14
1931 3166 1964 3199 b.

403 3224 430 3265 ²)
458 3222 499 3257 cf.
526 3222 669 3265 Soltav.,
696 3222 764 3256 Liv.
791 3222 824 3256 in
850 3222 884 3256 d.
907 3222 962 3256 lll.
986 3221 1143 3265 Dekade,
1170 3233 1201 3266 p.
1224 3223 1286 3255 110
1305 3232 1351 3256 ss.
