2789 3532
1319 155 1451 196 xxiv

176 286 277 328 alter
306 285 514 329 Plutarchi
556 286 720 328 videtur
753 289 902 328 auctor
929 285 1076 328 fuisse.
1135 288 1328 329 laudatur
1369 288 1479 330 enim
1512 287 1773 329 Posidonius
1814 287 1854 328 in
1897 297 1982 327 una
2023 285 2328 327 narratiuncula
2368 287 2409 326 et
2450 284 2585 327 tribus

176 352 523 407 apophtegmatis
551 353 616 394 vel
648 352 854 403 flosculis,
883 364 1006 405 capp.
1034 355 1068 395 l.
1092 354 1130 395 9.
1154 355 1220 396 20.
1244 356 1310 405 30,
1345 366 1456 408 quae
1485 355 1525 396 in
1555 354 1781 396 verborum
1812 355 2059 395 contextum
2090 351 2246 394 inserta
2274 363 2374 395 esse
2401 354 2585 405 apparet.

177 431 263 472 qua
293 420 387 473 ipsa
417 419 613 462 laudandi
644 419 805 461 ratione
834 421 965 461 totam
996 419 1123 461 vitam
1154 420 1208 463 ad
1240 420 1520 464 Posidonium
1551 420 1766 464 ferendam
1797 431 1885 462 non
1917 430 2015 461 esse
2044 417 2367 461 demonstratur.
2378 420 2403 470 ¹)

383 486 421 528 F.
455 486 539 528 Leo
568 488 707 528 autem
739 485 779 527 in
811 484 917 527 libro
948 485 1004 528 de
1033 485 1283 541 biographia
1312 487 1623 530 Graeco-latina
1656 488 1711 529 ab
1742 487 1948 528 universis
1979 485 2212 527 rationibus
2241 484 2459 538 profectus
2490 484 2583 526 Plu-

177 553 368 595 tarchum
400 554 481 595 vita
510 554 648 606 aliqua
678 553 860 594 Marcelli
892 565 1020 594 usum
1052 566 1152 595 esse
1181 554 1339 606 docuit,
1374 568 1503 608 quam
1533 555 1757 598 artificiose
1786 555 2055 597 tractavisset.
2107 565 2234 606 quarn
2264 551 2389 595 vitam
2414 551 2584 595 Graeco

177 632 378 662 sermone
408 621 603 673 scriptam
634 619 770 661 tuisse
800 632 853 661 eo
882 623 1067 672 apparet,
1097 621 1218 673 quod
1249 622 1477 674 quomodo
1506 622 1588 673 fiat,
1619 625 1664 664 ut
1694 621 1938 664 Plutarchus
1964 623 2025 664 tot
2055 620 2161 665 locis
2190 631 2287 662 cum
2319 618 2499 673 Polybio
2528 619 2582 661 ad

177 686 354 730 verbum
386 687 634 738 consentiat,
674 687 757 729 alio
794 686 928 729 modo
960 687 1155 740 explicari
1199 700 1287 730 non
1330 692 1483 742 potest.
1542 689 1681 743 itaque
1722 689 1776 731 de
1816 688 1985 743 Nepote
2028 687 2199 741 cogitari
2242 686 2432 740 nequit.²)
2490 698 2582 728 eam

176 757 317 796 autem
348 755 473 795 vitam
507 754 686 795 Marcelli
718 754 816 806 quis
849 754 1071 806 scripserit,
1103 755 1227 806 plane
1256 756 1459 798 incertum
1491 760 1565 799 est.
1624 769 1707 798 nos
1749 756 1921 809 quidem
1961 755 2059 797 nihil
2099 754 2211 797 aliud
2246 753 2450 796 affirmare
2479 766 2583 807 pos-

178 832 331 863 sumus
362 821 442 863 nisi
473 832 581 870 eum,
611 831 722 873 quae
753 819 956 861 Plutarchi
989 832 1111 873 capp.
1147 822 1310 862 13—19
1340 823 1620 873 continentur,
1661 823 1965 875 composuisse
2006 834 2058 863 ex
2090 821 2151 863 eis
2183 821 2359 872 scriptis,
2395 831 2580 873 quorum

177 887 360 928 tabulam
392 887 600 940 proposui
633 899 763 939 supra
793 900 831 939 p.
862 887 983 927 ΧΧΙΙ.

379 953 586 1006 Sequitur,
617 956 661 994 ut
692 953 950 1001 Plutarchus,
981 965 1092 1005 quae
1115 954 1168 995 ad
1201 955 1337 1007 ipsam
1370 955 1670 1008 Syracusarum
1701 955 2036 1009 oppugnationis
2067 954 2343 997 narrationem
2377 956 2582 1007 spectant,

178 1020 318 1062 redeat
346 1020 400 1062 ad
432 1032 564 1061 unum
591 1019 824 1073 Polybium.
866 1019 976 1060 idem
1004 1020 1044 1060 in
1071 1021 1326 1073 quaestione
1350 1022 1404 1063 de
1431 1022 1546 1063 Livio
1572 1034 1700 1075 supra
1724 1023 1909 1064 instituta
1933 1021 2183 1063 invenimus.
2224 1020 2580 1074 Syracusarum

178 1088 338 1141 igitur
378 1087 783 1141 oppugnationis
822 1087 1058 1129 memoria
1100 1087 1145 1128 in
1190 1099 1286 1129 una
1325 1088 1499 1142 Polybi
1544 1090 1826 1131 narratione
1863 1088 2117 1130 consistit:
2175 1088 2246 1141 qui
2283 1086 2441 1140 quibus
2472 1086 2580 1128 locis

177 1167 261 1195 rem
288 1154 466 1204 tradidit,
493 1155 632 1196 Livius
661 1166 711 1195 ac
736 1153 984 1195 Plutarchus
1010 1166 1189 1206 prorsus
1215 1155 1468 1208 neglegendi
1495 1160 1615 1206 sunt;
1645 1168 1755 1209 quae
1779 1156 1934 1197 desunt
1957 1155 2071 1208 apud
2096 1167 2205 1204 eum,
2236 1155 2276 1195 in
2308 1155 2384 1196 eis
2416 1157 2576 1196 tantum

177 1220 366 1274 partibus
399 1221 515 1262 Livio
553 1233 601 1262 ac
632 1220 854 1262 Plutarcho
885 1221 1129 1262 cautissime
1169 1222 1374 1262 utendum
1416 1225 1480 1263 est
1518 1222 1571 1263 ad
1612 1222 1914 1264 restituendum
1947 1221 2178 1275 Polybium.
2237 1222 2288 1262 illi
2328 1221 2452 1274 igitur
2491 1220 2581 1262 ubi-

176 1300 348 1341 cunque
378 1289 484 1329 inter
515 1300 562 1329 se
591 1288 876 1337 consentiunt,
907 1287 1178 1340 Polybianam
1211 1300 1310 1329 esse
1341 1289 1618 1329 narrationem
1651 1290 1863 1340 constat.³)

378 1355 460 1396 lam
504 1355 705 1408 expensis
748 1354 894 1408 Polybi
939 1354 1022 1395 Livi
1066 1353 1271 1396 Plutarchi
1316 1354 1625 1396 narrationibus
1668 1355 1794 1397 nobis
1836 1355 2025 1397 videmur
2067 1354 2233 1396 firmum
2277 1354 2578 1407 Syracusarum

176 1422 515 1475 oppugnationis
547 1421 851 1463 describendae
881 1422 1086 1473 posuisse
1115 1420 1452 1463 fundamentum.

177 1589 265 1623 Plut.
292 1591 355 1623 etc.
381 1600 414 1633 p.
439 1589 554 1633 66s67.
603 1589 772 1623 Ahrendt.
798 1599 831 1632 p.
856 1589 999 1623 69-72.
1025 1589 1084 1632 qui
1111 1588 1151 1623 Α.
1173 1589 1312 1622 Mfilleri
1338 1589 1423 1623 diss.
1451 1600 1481 1632 p.
1506 1589 1610 1632 31s32
1635 1589 1749 1623 utitur.

377 1646 401 1687 ¹)
427 1644 549 1680 Soltau
575 1645 609 1679 in
637 1645 801 1679 Heckeis.
828 1645 943 1679 annal.
971 1645 1057 1679 1896
1082 1655 1113 1688 p.
1143 1645 1205 1679 123
1230 1654 1276 1678 ss.

377 1702 403 1740 ³)
427 1700 571 1741 Quibus
596 1702 701 1734 rebus
725 1701 925 1734 constitutis
950 1703 985 1733 et
1003 1700 1255 1734 commutanda
1282 1703 1316 1733 et
1340 1700 1549 1742 corrigenda
1569 1704 1651 1733 sunt
1676 1701 1796 1740 multa,
1815 1710 1907 1743 quae
1925 1700 2016 1734 dicta
2035 1703 2115 1734 sunt
2134 1701 2179 1734 ab
2199 1699 2405 1741 Ahrendtio,
2424 1699 2578 1743 Syrakus

175 1757 222 1791 im
246 1758 277 1791 2.
304 1767 386 1800 pun.
415 1757 544 1801 Kriege
570 1767 603 1800 p,
632 1757 671 1797 ll,
695 1756 910 1790 Geschichte
935 1756 999 1790 der
1022 1756 1132 1797 Stadt,
1161 1757 1255 1791 1905.
