2789 3532
143 274 403 330 graphorum
435 275 597 319 illorum
630 287 889 330 quemquam
922 279 1117 319 secutum
1150 289 1257 321 esse.
1288 278 1419 320 immo
1449 290 1550 321 vero
1582 279 1667 322 hoc
1697 292 1873 335 quoque
1902 281 2000 322 loeo
2030 283 2136 337 (cap.
2160 284 2214 337 V)
2244 284 2389 339 Polybi
2418 284 2546 326 verba

144 343 350 387 rhetorice
378 344 432 385 ad
462 344 631 385 animos
662 343 906 384 movendos
937 348 1139 385 exornata
1170 357 1309 398 eoque
1338 346 1436 397 ipso
1466 346 1650 388 fortasse
1680 348 1803 389 nimis
1832 351 1953 389 aucta
1977 349 2142 391 videtur
2170 351 2390 404 vertisse.¹)

344 434 469 483 Quae
498 434 704 487 proximis
736 433 945 486 capitibus
978 435 1119 476 Livius
1159 436 1212 476 de
1246 435 1372 476 rebus
1403 435 1563 477 Siciliae
1602 442 1746 488 narrat,
1785 442 1995 491 quatenus
2032 451 2085 480 ex
2116 440 2293 494 Polybio
2324 442 2545 495 pendeant,

143 513 241 542 curn
280 501 532 542 abhorreant
570 513 594 541 a
634 513 676 541 re
715 500 812 541 mihi
853 503 1086 553 proposita,
1126 502 1301 543 breviter
1339 503 1418 543 iam
1458 515 1686 555 exponam.
1755 506 1835 547 Liv.
1865 505 1996 546 xxiv
2033 507 2196 558 4—7,7
2230 509 2322 551 sine
2351 495 2484 552 dubio
2522 521 2545 551 a

144 567 322 622 Polybio
354 567 406 609 ita
437 567 563 621 petita
595 569 705 618 sunt,
744 571 789 608 ut
828 566 1041 620 digressio
1082 568 1135 610 de
1167 569 1380 610 Leontinis
1412 570 1721 623 topographica
1751 571 1817 625 (cf.
1849 571 1991 625 Polyb.
2016 572 2084 613 Vll
2116 575 2158 625 6)
2188 587 2212 616 a
2244 574 2357 616 Livio
2387 588 2422 616 c.
2454 578 2490 626 7,
2508 577 2545 626 3,

142 647 227 688 qua
258 638 322 677 est
359 635 683 684 consuetudine,
714 635 936 675 omittatur.
969 636 1090 676 etiam
1126 637 1206 677 Liv.
1238 649 1325 688 cap.
1356 638 1533 687 21—27,
1552 639 1577 678 3
1610 637 1837 692 Polybiana
1868 642 1977 681 sunt.
2039 639 2120 681 Liv.
2151 654 2239 694 cap.
2269 643 2334 692 27,
2351 643 2544 694 4--33,2

143 701 289 755 Polybi
334 702 461 742 verba
502 704 714 754 quatenus
757 713 853 742 cum
891 702 1067 743 aliorum
1100 704 1327 744 commixta
1358 704 1452 753 sint,
1494 704 1722 747 diiudicare
1761 718 1847 747 non
1879 717 2073 759 possum.
2130 720 2224 749 nam
2257 709 2332 750 etsi
2364 708 2542 750 classem

142 767 376 811 Romanam
409 769 448 809 in
482 768 617 809 media
648 771 751 809 terra
781 768 896 821 apud
930 768 1212 822 Murgantiam
1252 770 1497 811 collocatam
1538 783 1636 813 esse
1673 774 1754 823 (27,
1778 776 1818 823 5)
1858 772 2057 813 mendum
2099 773 2182 815 Livi
2222 787 2319 816 esse
2357 776 2543 827 potest,²)

139 838 279 877 tamen
311 839 351 877 et
380 836 467 884 alia,
509 847 619 887 quae
649 834 830 876 difficilia
861 838 974 886 sunt,
1016 841 1055 877 et
1095 849 1204 889 quae
1243 837 1296 877 de
1335 837 1512 878 diversis
1552 838 1657 880 locis
1695 844 1917 889 narrantur,
1948 839 2105 892 quibus
2136 840 2302 894 Appius
2335 841 2541 883 Claudius

140 906 333 945 versatus
366 903 417 943 sit
448 905 497 952 (c.
521 904 586 952 27,
611 904 636 942 4
668 905 706 942 et
738 904 782 951 5;
813 914 846 943 c.
871 904 936 951 30,
966 905 1006 952 1;
1038 916 1071 943 c.
1097 905 1161 953 33,
1187 906 1238 952 2),
1269 916 1320 943 ex
1353 903 1544 955 pluribus
1575 903 1768 947 fontibus
1802 907 1957 947 Livium
1991 905 2187 948 hausisse
2217 908 2444 959 indicant.³)

344 992 427 1034 Livi
468 992 594 1033 verba
632 993 745 1042 3l,6
787 991 1094 1042 „Cretensibus
1126 993 1380 1045 quibusdam
1413 993 1466 1033 ad
1508 993 1650 1035 itinera
1692 996 1913 1037 insidenda
1955 996 2096 1037 missis
2140 997 2251 1038 velut
2292 997 2541 1050 interceptas

141 1062 304 1110 litteras,
347 1072 455 1112 quas
499 1060 590 1111 ipse
632 1062 958 1111 composuerat“
1000 1072 1023 1100 a
1067 1060 1244 1113 Polybio
1286 1063 1481 1113 prompta
1520 1073 1618 1102 esse
1658 1061 1756 1104 mihi
1796 1063 1987 1104 videntur
2026 1061 2092 1111 (cf.
2119 1062 2203 1106 Pol.
2229 1064 2297 1106 Vll
2333 1066 2407 1106 l4a
2435 1063 2541 1118 frag-

141 1128 358 1179 mentum),
409 1127 485 1168 etsi
529 1139 606 1179 pro
663 1127 742 1176 ,,ὡς
784 1127 846 1167 ἐπὶ
888 1127 1100 1181 λῃστείαν“
1149 1129 1283 1169 exstat
1329 1127 1408 1177 „ad
1452 1127 1594 1169 itinera
1637 1129 1892 1171 insidenda.“
1960 1130 2061 1182 quid
2099 1131 2208 1171 enim
2242 1129 2539 1184 Hippocratem

138 1195 328 1245 adduxit,
371 1196 415 1235 ut
446 1194 589 1234 itinera
620 1194 848 1234 insideret?
885 1205 996 1246 quae
1035 1195 1185 1247 inepta,
1225 1198 1268 1234 ut
1306 1198 1486 1246 apparet,
1529 1195 1612 1235 Livi
1645 1197 1771 1237 verba
1810 1210 1895 1237 non
1937 1197 2084 1238 hausta
2124 1201 2225 1238 sunt
2255 1211 2307 1238 ex
2344 1199 2429 1239 ullo
2460 1199 2540 1239 alio

138 1262 268 1312 fonte,
300 1262 376 1302 sed
410 1262 525 1301 Livio
556 1261 635 1312 ipsi
667 1260 931 1301 attribuenda
962 1265 1074 1310 sunt,
1105 1262 1175 1313 qui
1209 1261 1346 1302 leviter
1369 1261 1496 1302 vertit.
1528 1287 1580 1289 —

342 1351 442 1392 lnde
471 1362 495 1391 a
525 1362 614 1402 cap.
646 1351 710 1399 33,
734 1351 759 1390 3
792 1362 879 1390 non
912 1353 976 1391 est
1007 1350 1183 1390 dubium
1216 1351 1316 1402 quin
1351 1351 1489 1392 Livius
1522 1363 1629 1393 usus
1662 1352 1713 1393 sit
1745 1365 1833 1394 uno
1866 1353 2050 1407 Polybio,
2088 1353 2211 1395 cuius
2250 1354 2385 1407 ipsius
2416 1353 2541 1396 verba
2568 1352 2574 1361 “

139 1418 266 1460 nobis
311 1420 473 1459 servata
519 1416 621 1469 (Pol.
656 1417 740 1457 Vlll
782 1418 907 1467 5—-9)
949 1429 1045 1458 cum
1095 1417 1175 1458 Liv.
1209 1430 1241 1459 c.
1275 1419 1339 1466 33,
1363 1419 1511 1463 9-κ35,
1543 1420 1556 1458 l
1607 1418 1784 1460 conferri
1818 1423 2012 1472 possunt.
2043 1420 2161 1472 quod
2200 1420 2435 1473 singillatim
2468 1421 2540 1462 erit

138 1484 568 1536 demonstrandum.⁴)

339 1574 453 1616 Alter
488 1573 597 1615 enim
636 1585 732 1615 cum
770 1573 899 1615 altero
937 1573 1060 1626 plane
1098 1574 1318 1616 consentit.
1369 1574 1446 1615 iam
1485 1574 1602 1616 initio
1640 1574 1834 1617 conferas
1881 1578 1957 1616 ἀπὸ
1993 1583 2067 1618 τῶν
2107 1576 2337 1624 Ἑξαπύλων
2383 1579 2422 1616 et
2463 1576 2539 1626 „ab

138 1642 432 1695 Hexapylo“.⁵)
465 1641 505 1681 in
531 1641 670 1682 verbis
702 1642 800 1680 καθ’
825 1643 874 1693 ἣν
903 1642 965 1681 ἐπ’
997 1644 1116 1693 αὐτῆς
1148 1649 1269 1681 κεῖται
1300 1648 1369 1693 τῆς
1399 1644 1592 1694 κρηπῖδος
1622 1646 1666 1682 τὸ
1696 1650 1827 1696 τεῖχος
1855 1646 1963 1695 παρὰ
1993 1644 2194 1685 θάλατταν
2223 1655 2311 1684 non
2343 1643 2539 1684 intellexit

138 1710 290 1759 Livius,
332 1709 372 1749 id
417 1708 538 1761 quod
582 1708 811 1749 maximum
862 1711 938 1758 est,
987 1721 1151 1749 murum
1202 1709 1240 1749 in
1289 1709 1392 1761 ipsis
1440 1708 1729 1751 fundamentis
1777 1710 1964 1763 positum
2012 1710 2154 1762 tuisse,
2203 1722 2290 1752 non
2339 1711 2379 1751 in
2423 1711 2537 1752 saxis

136 1775 413 1828 rupibusque,
454 1775 525 1816 ubi
560 1787 706 1815 murus
738 1775 944 1816 cuniculis
977 1775 1135 1816 suffodi
1177 1788 1262 1816 non
1295 1776 1517 1827 potuisset,
1558 1776 1634 1817 sed
1675 1777 1859 1829 scripsit:
1899 1777 2181 1827 „Achradinae
2216 1789 2364 1818 murus
2406 1777 2536 1818 fluctu

134 1843 399 1893 adluituff‘;⁶)
435 1842 556 1895 quod
589 1843 628 1884 in
662 1842 906 1884 universum
940 1842 1095 1884 dictum
1130 1843 1273 1895 utique
1303 1841 1455 1884 falsum
1488 1846 1563 1893 est,
1595 1855 1691 1885 cum
1724 1842 1985 1885 Achradinae
2016 1856 2178 1884 murum
2211 1844 2288 1885 nisi
2322 1856 2410 1885 uno
2442 1844 2537 1885 loco

133 1910 186 1951 ad
220 1921 421 1963 magnum
455 1912 625 1962 portum
659 1910 740 1950 sito
784 1909 823 1949 in
865 1909 962 1961 ipso
1003 1910 1121 1950 litore
1159 1910 1410 1950 collocatum
1452 1922 1538 1950 non
1579 1910 1715 1950 tuisse
1746 1911 1838 1961 ipse
1868 1911 2058 1950 viderim:
2098 1912 2252 1962 reliqua
2290 1912 2399 1951 enim
2432 1911 2535 1951 muri

341 2113 361 2155 ¹)
390 2111 577 2155 Polybium
613 2111 856 2154 logographos
892 2111 1161 2154 impugnantem
1196 2112 1285 2153 (cap.
1306 2112 1341 2153 7)
1379 2111 1492 2144 Livius
1525 2121 1568 2144 ex
1603 2111 1861 2144 consuetudine
1895 2121 1959 2144 sua
1994 2112 2157 2154 neglegit.
2193 2112 2236 2144 ad
2270 2112 2360 2145 hanc
2396 2122 2468 2144 rem
2495 2112 2535 2145 cf.

132 2170 226 2204 Guil.
253 2169 417 2202 Michael.
439 2179 471 2211 p.
491 2169 535 2202 28
561 2178 587 2201 s.
638 2167 883 2200 Hesselbarth.
911 2177 944 2209 p.
964 2168 1039 2200 476.
1060 2167 1155 2209 quod
1183 2168 1225 2200 ad
1255 2167 1321 2200 Livi
1349 2167 1523 2200 scribendi
1550 2177 1666 2209 genus
1692 2169 1837 2210 spectat,
1864 2166 1904 2200 cf.
1933 2167 1992 2200 lvo
2020 2166 2142 2208 Bruns,
2169 2166 2234 2200 Die
2262 2166 2537 2201 Personlichkeit

132 2226 165 2259 in
191 2226 223 2259 d.
245 2223 677 2265 Oeschichtsschreibung
702 2223 765 2256 der
790 2222 906 2264 Alten,
934 2223 993 2266 qui
1020 2223 1064 2256 de
1093 2223 1161 2256 Livi
1188 2226 1220 2256 et
1248 2222 1368 2266 Polybi
1396 2223 1530 2257 ratione
1556 2223 1645 2256 inter
1670 2233 1708 2256 se
1734 2223 1900 2265 opposita
1927 2222 2073 2265 copiose
2093 2222 2292 2265 disputavit.

334 2292 362 2334 2)
387 2291 465 2324 fort.
492 2300 557 2334 pro
584 2290 759 2333 Megara?
785 2290 827 2324 ef.
856 2290 977 2323 Holm.
1004 2288 1135 2323 Gesch.
1162 2290 1225 2324 Siz.
1252 2301 1284 2333 p.
1309 2291 1346 2324 51
1378 2292 1410 2323 et
1436 2290 1511 2324 359.

333 2359 359 2402 ³)
386 2357 428 2392 ct.
454 2357 644 2402 praecipue
670 2356 791 2390 Soltau
818 2357 852 2389 in
881 2356 1056 2399 Philolog.
1086 2357 1165 2389 Llll
1193 2357 1256 2389 618
1276 2378 1287 2379 ff
1304 2358 1379 2389 626.

332 2428 360 2468 ⁴)
388 2425 462 2459 Pol.
483 2426 563 2459 vlll
590 2427 621 2466 5,
644 2427 655 2457 l
686 2435 731 2461 ss,
758 2425 928 2457 nonnulla
956 2424 1040 2457 mihi
1067 2424 1166 2457 liceat
1192 2425 1414 2467 praemittere
1449 2425 1492 2458 ad
1523 2424 1644 2468 Polybi
1670 2424 1776 2458 verba
1811 2423 2038 2458 recensenda.
2074 2433 2114 2458 ac
2139 2423 2289 2467 primum
2317 2423 2337 2468 ξ
2367 2425 2379 2458 l
2411 2422 2534 2468 Polybi

130 2494 201 2518 non
228 2493 321 2525 esse,
354 2482 418 2516 sed
453 2482 498 2516 ab
524 2481 760 2524 epitomatore
787 2491 830 2514 ex
857 2480 974 2514 verbis
1000 2480 1164 2521 auctoris,
1189 2490 1280 2524 quae
1305 2481 1529 2523 antecedunt,
1564 2480 1714 2514 breviter
1747 2489 1828 2513 esse
1862 2480 2157 2522 comprehensam
2182 2483 2338 2523 apparet,
2371 2483 2405 2514 et
2438 2481 2534 2524 quod

131 2540 222 2583 Appi
258 2542 292 2572 et
316 2538 475 2572 Marcelli
508 2538 655 2571 nomina
689 2539 888 2580 permutata
922 2539 1004 2570 sunt
1037 2540 1071 2570 et
1106 2540 1247 2579 propter
1281 2537 1481 2571 inusitatam
1508 2537 1576 2570 vim
1603 2536 1699 2570 verbi
1726 2539 1951 2577 ἐπιτροπεύειν
1977 2537 2011 2569 et
2034 2536 2116 2578 quia
2144 2535 2257 2569 Livius
2283 2546 2327 2570 eo
2352 2537 2441 2578 loco,
2475 2537 2534 2580 qui

130 2597 198 2629 huc
230 2595 393 2639 pertinet,
426 2595 471 2628 de
505 2594 688 2637 copiarum
722 2594 898 2628 divisione
941 2594 1032 2627 inter
1067 2593 1158 2626 duos
1203 2593 1311 2627 duces
1355 2593 1444 2627 facta
1491 2593 1574 2626 nihil
1620 2592 1713 2634 dicit,
1758 2601 1975 2635 quamquam
2011 2601 2088 2625 eam
2127 2592 2233 2633 novit,
2265 2592 2306 2626 cf.
2332 2602 2406 2636 cap.
2431 2593 2485 2635 34,
2503 2594 2533 2627 4.

128 2651 351 2686 attribuenda
388 2652 469 2684 sunt
507 2649 656 2694 Polybio
694 2650 787 2683 haud
822 2649 930 2683 dubie
967 2649 1074 2683 verba
1112 2654 1148 2690 τῇ
1176 2654 1233 2690 μὲν
1259 2653 1340 2691 πεζῇ
1377 2650 1436 2691 (in.
1460 2649 1480 2692 ἓ
1501 2650 1537 2691 2)
1581 2651 1615 2682 et
1648 2658 1740 2691 quae
1774 2650 1951 2689 secuntur,
1996 2657 2015 2679 a
2049 2657 2121 2690 quo
2153 2648 2231 2681 loco
2258 2648 2356 2681 Hero
2390 2659 2534 2692 quoque

128 2707 258 2751 incipit.
284 2707 391 2741 verba
416 2708 546 2747 autem,
577 2716 670 2749 quae
696 2707 920 2746 antecedunt,
953 2708 1042 2738 οὗτοι
1068 2710 1126 2746 μὲν
1152 2709 1191 2747 δὴ
1229 2710 1286 2747 τὴν
1324 2709 1581 2748 στρατοπεδείαν
1607 2707 1768 2746 ἐβάλοντο
1794 2707 1909 2745 μικρὸν
1935 2707 2140 2746 ἀποσχόντες
2165 2709 2223 2746 τῆς,
2248 2707 2389 2745 πόλεως,
2416 2709 2473 2746 τὰς
2498 2709 2533 2739 δὲ

126 2767 313 2806 προςβολὰς
339 2767 472 2804 ἔκριναν
498 2766 668 2795 ποιεῖσθαι
694 2762 860 2804 equidem
886 2762 932 2795 ab
957 2762 1192 2804 epitomatore
1218 2772 1297 2795 esse
1335 2765 1432 2805 puto,
1469 2763 1552 2805 quia
1574 2761 1742 2804 Polybius
1768 2760 1845 2794 sine
1870 2760 1981 2793 dubio
2001 2760 2105 2793 situm
2126 2762 2320 2794 castrorum
2340 2762 2533 2795 accuratius

126 2820 396 2862 significaverat.
424 2828 505 2851 nam
534 2818 650 2851 Livius
676 2828 820 2861 quoque
846 2827 921 2860 cap.
946 2818 1001 2859 33,
1027 2818 1048 2851 3
1073 2817 1116 2850 ad
1145 2816 1349 2861 Olympium
1376 2828 1417 2851 ea
1442 2818 1553 2851 tuisse
1578 2816 1672 2858 dicit,
1706 2816 1765 2859 qui
1800 2815 1883 2858 quin
1912 2825 1953 2848 ea
1978 2825 2069 2857 quae
2094 2816 2146 2857 33,
2173 2816 2262 2849 4—9
2286 2816 2330 2849 de
2356 2816 2533 2860 legatione

127 2875 287 2912 Romana
312 2876 439 2916 narrat,
465 2884 509 2907 ex
538 2873 686 2917 Polybio
710 2874 982 2916 deprompserit,
1008 2873 1091 2905 mihi
1118 2873 1264 2906 dubium
1291 2884 1361 2907 non
1386 2877 1448 2910 est,

328 2942 452 2986 Polybi
477 2942 584 2975 verba
610 2951 685 2984 cap.
712 2942 742 2981 5,
756 2941 818 2973 2—
835 2951 910 2984 cap.
929 2941 951 2974 9
976 2940 1036 2973 fin.
1064 2940 1271 2974 Hultschius
1297 2941 1392 2975 libris
1418 2939 1667 2982 manuscriptis
1694 2938 1748 2981 (T,
1771 2938 1880 2979 Hero,
1902 2937 1937 2979 f,
1956 2937 2110 2981 Suidas),
2135 2938 2195 2981 qui
2221 2948 2264 2972 ex
2290 2939 2357 2973 alia
2381 2939 2532 2983 quisque

123 2998 268 3042 antiqua
293 2998 451 3032 editione
477 2997 623 3031 derivati
650 2999 742 3038 sunt,
768 3006 855 3029 usus
881 2997 985 3039 plane
1012 2998 1045 3028 et
1070 2999 1228 3029 accurate
1255 2997 1436 3030 restituere
1462 2996 1586 3039 potuit.
1612 2995 1709 3037 quod
1736 3004 1780 3027 eo
1806 3003 1951 3036 quoque
1982 2994 2254 3036 demonstratur,
2287 2995 2384 3037 quod
2418 2995 2532 3030 hiatus

123 3065 196 3089 non
231 3055 465 3089 inveniuntur.
500 3059 570 3087 δεῖν
605 3056 653 3097 (5,
674 3054 708 3095 5)
744 3053 851 3095 enim,
876 3053 973 3095 quod
1000 3055 1080 3086 ante
1115 3057 1338 3095 ἀσχολεῖσθαι
1363 3053 1392 3087 Τ
1416 3052 1568 3094 tradidit,
1606 3050 1690 3085 mihi
1728 3049 1968 3085 necessarium
2006 3059 2086 3084 esse
2124 3049 2268 3091 videtur,
2305 3051 2401 3095 quod
2438 3052 2531 3095 apud

125 3111 351 3146 Hultschium
378 3111 525 3145 verbum
552 3111 629 3145 eius
655 3109 798 3154 generis
824 3109 1055 3143 desideratur.
1106 3108 1485 3144 Buettner.-Wobstius
1511 3108 1611 3142 uncis
1637 3106 1777 3140 inclusit
1801 3106 1954 3149 ,,(δεῐν)“.

325 3179 352 3223 ⁵)
378 3178 647 3212 adnotationem
675 3177 969 3220 topographicam
996 3182 1085 3209 κατὰ
1111 3181 1169 3218 τὴν
1197 3182 1353 3219 suu-,mist
1379 3180 1711 3219 προςαγορευομένην
1739 3180 1838 3207 στοάν
1866 3174 1990 3213 Livius,
2017 3182 2051 3207 ut
2077 3176 2269 3215 consuevit,
2295 3175 2425 3210 omisit.

324 3248 352 3288 ⁶)
378 3246 418 3279 cf.
440 3246 545 3279 etiam
571 3256 598 3278 c.
624 3247 679 3285 34,
698 3247 718 3277 4
743 3245 989 3286 „Achradinae
1016 3256 1166 3286 murum,
1192 3246 1262 3287 qui,
1288 3249 1324 3278 ut
1349 3248 1430 3278 ante
1455 3245 1587 3278 dictum
1614 3246 1678 3284 est,
1704 3242 1789 3276 mari
1815 3241 1997 3276 adluitur.‘¹
