2789 3532
1251 96 1410 157 Π*Ν

580 229 628 271 Α.
658 229 819 279 muner,
869 228 934 270 De
980 229 1225 271 auctoribus
1273 241 1408 270 rerum
1456 240 1481 270 a
1523 229 1580 270 M.
1614 228 1798 272 Claudio
1841 231 2039 273 Marcello
2093 232 2132 273 in
2181 230 2313 274 Sicilia
2352 231 2578 284 gestarum,

449 296 537 337 Hal.
573 297 691 346 1882,
722 308 761 348 p.
796 298 845 337 13
877 309 939 349 sq.

582 363 633 404 Η.
666 363 955 412 Hesselbarth‚
987 364 1249 405 Histor.-krit.
1282 362 1670 416 Untersuchungen
1710 376 1785 406 zur
1823 367 1859 407 3.
1894 365 2067 407 Dekade
2105 366 2182 408 des
2215 366 2308 416 Liv.,
2339 364 2428 406 l·lal.
2462 363 2578 412 1889,

449 443 486 482 p.
517 431 599 470 474
631 442 706 483 sq.,
736 442 775 482 p.
805 431 888 471 499
920 442 983 483 sq.

582 498 646 538 W.
672 496 829 548 Soltau,
862 497 926 538 De
950 496 1143 540 fontibus
1176 497 1378 539 Plutarchi
1411 498 1451 538 in
1478 498 1672 540 secundo
1703 498 1814 541 bello
1841 499 2001 542 Punico
2026 500 2270 550 enarrando,
2301 499 2435 541 Bonn.
2463 499 2577 540 1870.

719 564 798 605 Die
826 563 1008 612 Quellen
1041 564 1118 606 des
1152 565 1234 606 Liv.
1266 565 1318 605 im
1350 566 1415 605 21.
1447 564 1535 605 und
1566 566 1631 605 22.
1663 565 1794 616 Buch,
1828 568 1944 608 1894.
1978 568 2093 608 1896.

720 631 798 671 Die
827 630 980 683 griech.
1011 631 1193 679 Quellen
1226 632 1266 671 in
1300 632 1378 671 Liv.
1413 630 1528 671 Buch
1561 633 1739 682 23-30‚
1770 633 1977 686 Philolog.
2010 635 2085 675 Llll
2118 636 2208 675 588.

720 697 872 739 Livius’
901 696 1081 745 Quellen
1115 698 1155 738 in
1187 698 1260 739 der
1289 699 1324 738 3.
1360 697 1543 748 Dekade,
1577 699 1693 739 1894.

719 764 872 805 Livius'
905 763 1292 814 Geschichtswerk‚
1323 764 1439 806 seine
1471 764 1772 817 Komposition
1806 767 1893 808 und
1926 767 2042 808 seine
2071 767 2262 815 Quellen,
2296 767 2409 807 1897.

583 831 1076 873 Weissenborn-Miiller
1106 832 1146 872 in
1179 832 1242 872 ed.
1277 832 1369 882 Liv„
1399 831 1448 872 cf.
1479 831 1531 872 ad
1564 831 1694 873 xxiv
1725 834 1800 882 5,4.

583 897 632 939 C.
665 889 826 948 Miiller,
858 897 997 939 FHG
1029 898 1067 939 V
1097 911 1136 951 p.
1169 899 1247 939 Lx
1277 898 1301 950 ξ
1337 900 1350 938 1
1387 898 1529 940 adnot.

383 965 544 1007 Contra
575 978 652 1006 eos
684 964 943 1006 Ahrendtius
975 966 1014 1005 in
1047 966 1164 1015 libro,
1203 966 1274 1018 qui
1315 965 1552 1006 inscribitur
1595 966 1802 1020 »Syrakus
1843 968 1895 1008 im
1928 970 1964 1009 2.
1995 981 2094 1021 pun.
2128 969 2293 1020 Kriege<‹
2341 969 2351 1008 l
2383 967 2579 1015 Quellen-

182 1031 309 1082 kritik,
341 1032 614 1085 Konigsberg
647 1034 764 1082 1899,
795 1032 1021 1073 ostendere
1052 1036 1231 1074 conatus
1273 1036 1335 1073 est
1368 1032 1525 1073 Livium
1558 1045 1654 1074 cum
1688 1032 1864 1087 Polybio
1896 1035 1954 1076 ob
1993 1048 2083 1076 eam
2123 1048 2292 1076 causam
2332 1034 2580 1083 consentire,

181 1099 299 1151 quod
341 1099 493 1140 eodem
534 1102 706 1140 auctore
746 1100 809 1140 usi
851 1103 1006 1140 essent.
1046 1111 1171 1151 quem
1212 1103 1424 1140 auctorem
1465 1111 1560 1140 cum
1602 1099 1832 1141 Sicularum
1873 1114 2008 1142 rerum
2050 1103 2226 1154 scriptor
2263 1101 2410 1153 aliquis
2449 1100 2580 1149 fuerit,

183 1164 445 1206 Eumachum
478 1166 803 1218 Neapolitanum
837 1178 935 1207 esse
966 1169 1093 1218 putat.

383 1231 425 1272 ld
465 1235 604 1273 autem
645 1232 867 1273 verisimile
909 1244 997 1274 non
1042 1235 1117 1274 est.
1158 1245 1265 1282 nam,
1305 1236 1347 1273 ut
1388 1233 1573 1273 omittam
1616 1232 1879 1274 Eumachum
1923 1234 2035 1275 illum
2075 1235 2201 1276 videri
2245 1235 2344 1275 satis
2387 1235 2579 1286 ignotum

180 1297 361 1350 fuisse,¹)
400 1298 448 1348 is,
487 1299 559 1351 qui
602 1302 763 1339 tantum
800 1299 903 1340 inter
928 1298 1150 1352 Polybium
1182 1302 1220 1340 et
1248 1299 1403 1340 Livium
1435 1311 1698 1340 consensum
1725 1312 1778 1341 eo
1803 1300 1992 1353 explicat,
2017 1301 2136 1354 quod
2162 1301 2343 1342 eundem
2368 1303 2579 1342 auctorem

182 1366 313 1406 secuti
347 1366 441 1416 sint,
472 1366 575 1418 quid
606 1366 717 1406 aliud
750 1377 876 1418 quam
918 1365 1138 1419 Polybium
1181 1365 1283 1406 haec
1322 1366 1413 1407 loca
1452 1366 1575 1418 plane
1614 1366 1897 1419 descripsisse
1935 1370 1974 1408 et
2012 1367 2064 1408 ad
2104 1367 2277 1409 verbum
2318 1367 2582 1420 expressisse

182 1431 365 1472 iudicat?
394 1444 521 1484 quem
554 1432 701 1473 eadem
734 1432 904 1483 ratione,
944 1444 1028 1485 qua
1060 1445 1122 1473 ex.
1153 1445 1210 1485 gr.
1244 1432 1382 1473 Livius
1417 1445 1512 1473 eum
1554 1435 1729 1474 secutus
1770 1436 1845 1484 est,
1884 1433 2025 1486 ipsum
2064 1434 2237 1475 aliorum
2278 1434 2415 1475 verbis
2455 1445 2579 1475 usum

182 1511 280 1540 esse
319 1499 558 1540 existimare
597 1512 683 1540 non
724 1500 1010 1552 possumus‚²)
1050 1500 1288 1551 praesertim
1333 1512 1428 1541 cum
1473 1512 1612 1552 neque
1643 1500 1905 1542 Eumachum
1946 1513 2086 1553 neque
2123 1501 2246 1542 alium
2287 1502 2376 1542 eius
2415 1501 2580 1552 generis

180 1568 395 1608 auctorem
428 1566 675 1608 nominatim
709 1565 901 1619 proferat.

384 1634 463 1675 His
504 1634 627 1687 igitur
666 1634 910 1687 praemissis
953 1634 1099 1687 Polybi
1140 1637 1178 1674 et
1231 1635 1312 1674 Livi
1353 1634 1478 1674 verba
1517 1635 1569 1675 ita
1608 1636 1712 1675 inter
1752 1647 1798 1675 se
1828 1635 2019 1676 conferre
2058 1636 2268 1685 volumus,
2308 1638 2350 1676 ut
2382 1635 2580 1675 Ahrendti

183 1701 387 1741 sententia
418 1713 504 1753 qua
537 1701 695 1742 ratione
726 1700 973 1753 quibusque
1002 1701 1263 1752 argumentis
1297 1702 1446 1741 nitatur
1477 1701 1656 1753 singulis
1689 1701 1794 1742 locis
1825 1702 2158 1743 consideremus.

384 1765 586 1808 Ahrendti
611 1769 749 1808 autem
770 1767 1089 1820 argumentandi
1111 1767 1324 1818 rationem,
1349 1766 1508 1809 etiamsi
1534 1767 1586 1809 ad
1609 1779 1729 1809 suam
1757 1780 1841 1809 rem
1863 1767 2017 1810 idonea
2041 1770 2116 1819 est,
2141 1771 2277 1810 tamen
2304 1780 2389 1809 non
2416 1768 2505 1809 licet
2531 1767 2581 1808 ita

181 1833 391 1874 adhibere.
418 1834 598 1886 primum
625 1834 735 1874 enim
761 1834 814 1875 ab
840 1846 893 1875 eo
917 1835 1052 1887 agitur
1083 1834 1302 1886 separatim
1335 1834 1388 1874 de
1419 1834 1479 1875 eis
1512 1835 1628 1884 locis,
1659 1834 1818 1887 quibus
1845 1834 2046 1888 Polybius
2073 1837 2111 1875 et
2139 1835 2277 1876 Livius
2302 1835 2582 1883 consentiunt,

182 1900 336 1942 deinde
367 1901 420 1942 de
451 1901 522 1950 eis,
565 1901 723 1954 quibus
757 1901 896 1943 Livius
927 1901 1082 1954 aliquid
1116 1902 1276 1951 omittit,
1319 1902 1438 1954 quod
1469 1902 1584 1954 apud
1612 1901 1833 1955 Polybium
1859 1902 2076 1952 invenitur,
2107 1905 2194 1943 tum
2227 1902 2279 1943 de
2309 1914 2442 1942 rerum
2474 1914 2583 1954 quae

182 1968 285 2009 inter
316 1981 393 2010 eos
426 1969 477 2010 sit
510 1968 798 2021 discrepantia,
829 1972 1049 2021 postremo
1081 1969 1134 2009 de
1165 1969 1236 2018 eis,
1267 1981 1375 2021 quae
1403 1969 1542 2010 Livius
1573 1969 1808 2010 accuratius
1835 1968 2012 2022 Polybio
2043 1971 2185 2009 narrat.
2217 1982 2268 2010 eo
2301 1969 2430 2010 modo
2462 1969 2583 2021 plane

182 2035 368 2077 discisso
400 2038 602 2077 contextu
643 2039 682 2076 et
721 2036 1040 2077 continuatione
1080 2036 1327 2077 narrationis
1368 2036 1637 2089 singulisque
1676 2036 1781 2076 locis
1821 2047 1894 2087 per
1934 2047 1981 2076 se
2019 2035 2295 2077 consideratis
2334 2036 2583 2088 assequitur,

183 2106 226 2143 ut
256 2104 504 2155 argumenta
535 2104 617 2143 vim
651 2102 862 2156 quandam
894 2103 1270 2155 auctoritatemque
1301 2102 1453 2144 habere
1483 2102 1712 2144 videantur.

382 2168 464 2211 Sed
498 2173 542 2210 ut
573 2170 759 2211 omittam
795 2170 952 2211 Livium
986 2182 1072 2211 non
1106 2172 1215 2211 tanta
1244 2182 1342 2211 cura
1372 2173 1442 2211 aut
1473 2169 1696 2222 diligentia,
1727 2172 1883 2222 quanta
1908 2169 2165 2210 Ahrendtius
2197 2170 2360 2219 conicit,
2389 2172 2583 2211 auctores

182 2248 288 2278 suos
321 2237 463 2278 imitari
494 2240 565 2278 aut
597 2236 724 2278 verba
754 2249 901 2279 eorum
934 2240 1091 2278 vertere
1123 2237 1271 2286 solere,
1302 2249 1354 2278 eo
1386 2237 1658 2289 potissimum
1699 2247 1795 2277 eum
1829 2235 2048 2289 Polybium
2090 2236 2229 2288 ipsum
2263 2239 2453 2277 secutum
2486 2248 2584 2278 esse

180 2304 505 2355 demonstratur,
544 2304 665 2358 quod
707 2307 883 2358 uterque
922 2304 1045 2357 plane
1085 2304 1236 2346 eodem
1278 2304 1426 2345 ordine
1467 2315 1532 2345 res
1565 2306 1708 2344 narrat.
1739 2314 1865 2356 quam
1898 2302 1956 2344 ob
1988 2314 2071 2343 rem
2110 2315 2197 2343 non
2230 2302 2394 2344 difficile
2424 2306 2487 2345 est
2518 2316 2583 2345 res

179 2371 233 2412 ab
273 2372 321 2412 iis
362 2374 545 2413 narratas
586 2372 832 2413 continuare
872 2384 1042 2424 unaque
1082 2372 1187 2413 serie
1218 2372 1321 2412 inter
1353 2384 1400 2412 se
1430 2370 1631 2412 conferre.
1662 2370 1781 2422 quod
1814 2371 1847 2411 si
1878 2370 2032 2411 tactum
2066 2371 2149 2419 erit,
2180 2370 2378 2411 Ahrendti
2411 2371 2585 2422 plurima

180 2438 383 2491 deinceps
422 2442 671 2492 argumenta
710 2441 973 2481 evanescent.
1007 2451 1101 2480 nam
1147 2451 1314 2491 semper
1355 2437 1440 2478 fere
1478 2436 1597 2478 facile
1636 2437 1803 2478 ostendi
1845 2439 1997 2490 potest,
2039 2436 2265 2489 quomodo
2309 2438 2499 2488 evenerit,
2541 2441 2585 2479 ut

183 2506 322 2548 Livius
354 2505 438 2548 hoc
473 2507 536 2548 vel
569 2506 669 2548 illud
700 2509 986 2548 commutaret.
1018 2519 1067 2548 ac
1098 2505 1290 2559 profecto
1322 2518 1375 2547 eo
1407 2504 1679 2547 confirmatur
1703 2504 1909 2546 sententia
1935 2507 2090 2555 nostra,
2116 2504 2234 2557 quod
2266 2505 2586 2547 creberrime

184 2573 364 2613 Livius
404 2573 481 2613 eis
522 2574 671 2620 locis,
711 2573 798 2614 ubi
839 2572 1173 2613 Abrendtius
1212 2573 1435 2613 alterum
1476 2583 1588 2612 cum
1628 2572 1790 2612 altero
1831 2571 2143 2623 discrepare
2181 2571 2325 2622 vidit,
2365 2572 2586 2613 maxime

182 2639 456 2680 obscurus
488 2643 568 2680 est
599 2641 678 2680 vel
711 2640 865 2680 etiam
899 2640 1054 2692 plane
1094 2652 1273 2681 secum
1306 2640 1424 2691 ipse
1455 2639 1712 2690 pugnat!³)
1749 2639 1789 2679 id
1820 2651 1922 2679 vero
1954 2638 2045 2678 sine
2076 2637 2208 2678 dubio
2239 2639 2352 2690 apud
2386 2639 2584 2679 Livium

97 2709 99 2711 ’
181 2705 353 2758 quidem
399 2717 486 2746 non
517 2705 621 2747 fonti
656 2706 731 2747 sed
763 2706 842 2758 ipsi
875 2705 1097 2747 attribuere
1129 2718 1307 2747 necesse
1337 2708 1412 2746 est.
1445 2704 1510 2746 his
1542 2705 1664 2758 igitur
1694 2706 1798 2746 locis
1833 2704 2003 2754 Livium,
2041 2705 2084 2744 ut
2116 2704 2363 2755 saepissime
2393 2704 2448 2755 tit,
2478 2717 2587 2758 quae

182 2771 386 2825 Polybius
418 2772 550 2823 tradit,
590 2785 717 2825 quem
757 2776 853 2813 ante
892 2773 1045 2814 oculos
1087 2772 1278 2822 habebat,
1318 2784 1405 2813 non
1449 2772 1548 2813 satis
1589 2776 1696 2814 recte
1736 2772 1992 2813 intellexisse
2023 2771 2145 2822 plane
2174 2774 2355 2823 apparet,
2395 2772 2434 2813 id
2466 2772 2585 2824 quod

182 2843 333 2892 postea
365 2839 603 2893 singillatim
637 2840 1005 2881 demonstrabitur.

388 2931 409 2973 ¹)
436 2940 509 2963 non
530 2931 833 2963 commemoratur
852 2929 917 2962 nisi
938 2929 1033 2970 apud
1054 2929 1180 2962 Athen.
1208 2928 1286 2961 Xlll
1308 2929 1372 2962 577
1399 2929 1438 2969 Α,
1464 2931 1497 2962 et
1522 2929 1672 2963 tortasse
1698 2929 1793 2972 apud
1821 2928 2005 2971 Phlegon.²
2031 2927 2152 2961 mirab.
2173 2938 2199 2961 c.
2223 2929 2280 2968 18;
2307 2939 2422 2971 neque
2442 2929 2587 2972 quando

180 2985 315 3028 vixerit,
340 2985 484 3020 scimus.

382 3043 409 3085 ²)
436 3042 631 3085 Nunquam
658 3042 753 3075 enim
782 3041 949 3084 Polybius
975 3042 1106 3074 verba
1132 3043 1315 3073 auctorum
1342 3044 1484 3074 secutus
1510 3045 1572 3081 est,
1600 3042 1696 3085 quod
1723 3041 1797 3074 fieri
1821 3051 1892 3073 non
1920 3042 2056 3082 poterat
2076 3042 2220 3083 propter
2244 3041 2375 3073 hiatum
2395 3042 2588 3084 vitandum,

180 3098 221 3133 cf.
250 3098 585 3133 Buettner.-Wobst.
636 3098 738 3133 Beitr.
759 3110 787 3132 z.
808 3098 864 3133 alt.
885 3097 1015 3132 Gesch.
1038 3098 1068 3132 V
1094 3109 1125 3140 p.
1151 3098 1195 3132 99
1214 3108 1239 3131 s.

382 3155 409 3198 ³)
436 3164 543 3198 quam
569 3154 618 3188 ob
643 3163 716 3188 rem
743 3153 959 3187 Ahrendtius
985 3153 1062 3197 ipse
1087 3153 1121 3187 in
1148 3153 1224 3187 libri
1251 3153 1304 3187 sui
1330 3156 1426 3197 parte
1455 3154 1481 3187 ll
1508 3164 1604 3188 anno
1632 3154 1715 3189 1905
1747 3153 1840 3187 edita
1872 3152 2081 3197 plerumque
2109 3151 2306 3198 Polybium,
2348 3163 2419 3189 non
2456 3154 2587 3189 Livium

182 3212 285 3254 sequi
309 3213 452 3245 coactus
478 3214 541 3244 est.
