2789 3532
498 861 552 912 ln
590 860 974 925 Syracusarum
1013 862 1419 926 oppugnatione
1456 861 1813 912 describenda
1850 874 1993 926 quae
2030 863 2164 914 ratio

776 961 1070 1013 intercedat
1105 962 1238 1013 inter
1275 961 1552 1025 Polybium
1591 964 1644 1012 el
1678 960 1894 1012 Livium.

344 1160 544 1214 Polybius
576 1163 615 1202 et
648 1161 785 1202 Livius
816 1173 911 1202 cum
944 1164 982 1202 et
1011 1161 1290 1214 antiquissimi
1323 1161 1405 1202 sint
1438 1164 1477 1202 et
1514 1161 1693 1201 maxima
1722 1160 1963 1201 auctoritate
1998 1173 2155 1211 eorum,
2194 1161 2265 1214 qui
2304 1174 2525 1214 oppugna-

143 1229 297 1269 tionem
331 1227 628 1282 Syracusarum
661 1227 787 1270 nobis
817 1228 1049 1270 accuratius
1088 1227 1356 1279 tradiderunt,
1394 1228 1573 1281 primum
1611 1227 1664 1269 de
1694 1227 1863 1278 ratione,
1901 1239 2008 1280 quae
2046 1228 2269 1271 intercedat
2307 1229 2410 1270 inter
2447 1241 2524 1271 eos

142 1295 182 1335 in
223 1294 300 1336 hac
339 1296 662 1349 oppugnatione
700 1294 1021 1346 describenda‚¹)
1053 1295 1276 1337 diiudicare
1305 1295 1438 1337 velim.
1511 1295 1666 1336 Livium
1707 1295 1816 1336 enim
1857 1295 1948 1347 ipsa
1987 1294 2111 1337 verba
2150 1294 2292 1349 Polybi
2333 1298 2523 1337 secutum

142 1374 239 1404 esse
269 1374 408 1416 neque
438 1375 490 1404 ex
522 1362 607 1404 ullo
636 1363 717 1404 alio
747 1362 866 1405 fonte
896 1362 1093 1405 hausisse
1123 1363 1157 1405 si
1189 1362 1453 1416 comprobari
1485 1365 1637 1415 potest,
1668 1374 1755 1404 non
1788 1374 1900 1415 opus
1932 1362 2003 1403 erit
2033 1362 2122 1404 eius
2150 1362 2346 1404 rationem
2374 1362 2525 1405 habere

143 1429 217 1470 sed
250 1429 376 1470 unius
409 1428 554 1483 Polybi
584 1429 870 1471 auctoritatem
903 1430 1118 1482 respicere.

340 1495 472 1544 Quod
505 1496 538 1537 si
570 1496 666 1548 quis
697 1496 805 1546 dicit,
843 1496 1002 1549 quibus
1033 1509 1055 1537 e
1092 1496 1284 1538 tontibus
1324 1497 1502 1549 scriptor
1539 1496 1687 1548 aliquis
1728 1496 1922 1546 hauserit,
1961 1496 2031 1549 qui
2068 1499 2256 1537 accurate
2291 1497 2525 1537 examinare

140 1574 188 1603 ac
227 1566 470 1615 pertractare
499 1563 604 1613 velit,
643 1564 677 1604 ei
717 1566 850 1605 totum
884 1564 1099 1616 scriptoris
1138 1576 1250 1617 opus
1290 1563 1623 1616 pertractandum
1663 1575 1771 1613 esse,
1813 1565 1921 1604 recte
1960 1563 2071 1604 illum
2112 1562 2290 1605 iudicare
2327 1563 2522 1616 equidem

142 1628 254 1669 haud
285 1629 447 1682 ignoro.
479 1641 526 1670 ea
555 1642 655 1670 vero
687 1630 852 1670 materia
889 1630 1003 1682 apud
1046 1631 1203 1671 Livium
1243 1633 1353 1671 tanta
1392 1633 1467 1679 est,
1506 1633 1550 1670 ut
1589 1629 1764 1670 modum
1798 1629 1893 1670 huic
1933 1630 2212 1671 dissertationi
2251 1630 2522 1671 constitutum

143 1696 274 1736 multo
306 1696 489 1737 excedat.
519 1699 711 1747 attamen,
735 1697 974 1749 praesertim
1006 1709 1101 1738 cum
1134 1697 1326 1750 singulae
1356 1699 1494 1749 partes
1525 1696 1664 1738 tertiae
1694 1695 1864 1737 decadis
1890 1696 2125 1749 singillatim
2152 1696 2307 1748 exquiri
2333 1696 2524 1746 debeant,

143 1761 175 1803 si
207 1761 258 1803 ad
291 1774 422 1804 unum
455 1762 593 1805 locum
627 1762 850 1805 subtilitate
879 1765 1006 1817 atque
1044 1763 1254 1817 diligentia
1292 1775 1418 1816 quam
1459 1762 1639 1804 maxima
1678 1762 1966 1804 illustrandum
2006 1774 2236 1816 aggressus
2275 1775 2358 1813 ero,
2398 1775 2523 1815 spero

141 1830 259 1882 quod
308 1830 508 1871 voluerim
558 1843 624 1871 me
671 1843 768 1872 esse
815 1831 1199 1872 demonstraturum
1246 1834 1372 1883 atque
1418 1830 1471 1871 ad
1520 1842 1610 1871 eam
1659 1830 1873 1879 rationem,
1920 1842 2004 1882 qua
2053 1830 2190 1871 Livius
2238 1829 2368 1871 libros
2417 1842 2523 1871 suos

140 1897 447 1949 conscripserit,
477 1899 666 1939 accurate
696 1896 1043 1951 cognoscendam
1073 1897 1229 1950 aliquid
1258 1897 1486 1938 allaturum.

340 1964 401 2006 Ac
431 1964 621 2018 profecto
654 1963 854 2019 Polybius
885 1966 924 2006 et
956 1964 1094 2006 Livius
1125 1965 1178 2006 ita
1207 1964 1310 2006 inter
1349 1977 1395 2006 se
1433 1964 1716 2015 consentiunt,
1756 1968 1799 2005 ut
1839 1963 2015 2005 dubium
2058 1976 2142 2006 non
2183 1964 2243 2015 sit,
2282 1964 2382 2017 quin
2422 1964 2525 2005 inter

142 2042 188 2071 se
217 2030 477 2072 cohaereant.
508 2032 626 2084 quod
657 2032 883 2084 quomodo
913 2031 995 2082 fiat,
1025 2043 1289 2085 quaeramus.

340 2098 401 2139 Ac
441 2099 619 2150 primum
663 2099 820 2140 Livium
861 2099 901 2139 in
941 2098 1148 2150 capitibus
1188 2099 1277 2149 illis,
1318 2111 1427 2151 quae
1467 2098 1550 2140 huc
1589 2099 1804 2150 pertinent,
1846 2097 2054 2140 Graecum
2094 2099 2270 2151 aliquem
2309 2101 2522 2139 auctorem

141 2167 332 2206 secutum
382 2177 479 2207 esse
524 2168 695 2218 apparet
742 2168 781 2207 et
828 2177 880 2207 ex
929 2166 1019 2207 eius
1067 2165 1217 2216 verbis,
1263 2177 1446 2219 quorum
1495 2164 1656 2207 Graeca
1696 2164 1830 2207 torma
1878 2165 2082 2216 retinetur,
2128 2164 2237 2206 velut
2288 2164 2525 2214 »Nasson«,

144 2233 409 2284 »tropaea«‚²)
448 2235 487 2273 et
526 2245 577 2285 ex
625 2233 834 2286 genetivo,
874 2235 917 2273 ut
942 2233 996 2274 ita
1025 2222 1172 2283 dicam,
1202 2231 1540 2285 chorographico
1565 2232 1695 2273 XXlV
1719 2233 1810 2282 353
1846 2232 1921 2273 »ad
1947 2231 2125 2286 Pachyni
2151 2231 2526 2283 promunturium«,

140 2301 179 2339 et
209 2310 261 2338 ex
291 2298 466 2340 Graecis
497 2299 635 2341 verbis
667 2299 906 2341 elocutione
936 2299 1260 2352 circumscriptis
1291 2299 1354 2340 vel
1385 2299 1611 2352 explicatis.
1672 2299 1798 2339 Latini
1830 2300 1939 2340 enim
1967 2299 2176 2351 scriptoris
2201 2298 2374 2339 alicuius
2399 2297 2527 2339 verba

141 2365 174 2406 si
215 2364 477 2417 reddidisset,
516 2367 584 2408 vix
623 2366 843 2408 verisimile
882 2369 946 2408 est
983 2366 1097 2420 apud
1139 2367 1297 2408 Livium
1337 2366 1418 2408 ulla
1457 2366 1666 2408 sermonis
1705 2365 1852 2408 Graeci
1893 2366 2067 2419 vestigia
2105 2377 2342 2406 remansura
2379 2363 2525 2408 fuisse.

140 2432 279 2485 itaque
309 2444 405 2474 cum
432 2433 486 2475 de
514 2433 595 2475 alio
625 2437 796 2476 auctore
825 2433 991 2476 Graeco
1022 2433 1294 2488 cogitandum
1328 2445 1414 2475 non
1446 2445 1544 2475 esse
1574 2434 1677 2474 inter
1706 2445 1858 2475 omnes
1889 2436 2065 2483 constet,
2101 2435 2170 2473 aut
2196 2432 2352 2473 Livium
2379 2431 2525 2486 Polybi

140 2499 274 2551 ipsius
306 2501 581 2541 narrationem
614 2502 880 2554 expressisse
908 2500 979 2542 aut
1009 2504 1235 2554 utrumque
1265 2513 1317 2542 ex
1348 2500 1500 2542 eodem
1530 2500 1649 2542 tonte
1679 2500 1875 2542 hausisse
1905 2512 2081 2541 necesse
2109 2502 2182 2541 est.

339 2566 504 2608 Plurimi
536 2568 606 2609 viri
638 2568 751 2610 docti
785 2568 942 2610 Livium
974 2568 1039 2610 his
1070 2568 1175 2610 locis
1206 2567 1383 2622 Polybio
1413 2568 1511 2621 ipso
1543 2580 1668 2609 usum
1699 2580 1797 2609 esse
1826 2567 2127 2610 iudicaverunt:

538 2634 707 2686 Nissen,
739 2635 944 2678 Kritische
974 2635 1360 2688 Untersuchungen
1391 2647 1465 2676 zur
1493 2637 1529 2675 4.
1561 2634 1648 2676 und
1680 2637 1716 2676 5.
1748 2634 1921 2676 Dekade
1951 2635 2027 2676 des
2060 2634 2208 2684 Livius,
2238 2646 2276 2686 p.
2305 2635 2369 2675 84.

539 2700 769 2752 Buchholz,
798 2702 971 2750 Quibus
1000 2701 1193 2744 fontibus
1225 2701 1470 2743 Plutarchus
1501 2702 1541 2742 in
1573 2702 1666 2742 vitis
1699 2701 1808 2742 Fabii
1841 2701 2012 2742 Maximi
2044 2704 2082 2742 et
2113 2700 2291 2741 Marcelli
2323 2712 2431 2742 usus
2464 2701 2527 2751 sit,

405 2766 565 2821 Gryph.
600 2769 717 2819 1865,
742 2768 786 2822 p.
815 2770 870 2811 36
900 2781 956 2811 ss.

537 2834 731 2876 Guilelm.
764 2835 953 2886 Michael,
992 2836 1057 2877 De
1086 2837 1256 2887 ratione,
1294 2848 1378 2888 qua
1410 2836 1548 2876 Livius
1588 2836 1626 2875 in
1668 2835 1780 2875 tertia
1810 2835 1970 2876 decade
1999 2847 2126 2887 opere
2156 2834 2387 2887 Polybiano
2419 2848 2526 2877 usus

406 2901 469 2950 sit,
500 2901 636 2942 Bonn.
672 2903 788 2951 1867,
819 2914 858 2954 p.
889 2904 942 2943 25
973 2915 1048 2954 sq.,
1079 2915 1117 2954 p.
1147 2904 1193 2943 51
1232 2914 1294 2954 sq.

345 2992 366 3033 ¹)
393 2989 517 3033 Agitur
540 2989 586 3023 de
611 2989 663 3023 eis
687 2991 823 3023 tantum
849 2989 1018 3033 partibus,
1043 3000 1134 3034 quae
1159 2991 1193 3024 et
1212 2999 1232 3024 a
1253 2988 1401 3034 Polybio
1426 2992 1459 3023 et
1484 2999 1503 3024 a
1524 2989 1619 3024 Livio
1644 2989 1747 3023 nobis
1772 2989 1919 3024 traditae
1944 2992 2035 3030 sunt,
2062 2988 2135 3023 Pol.
2155 2988 2234 3023 vlll
2254 2989 2353 3024 5-9.
2374 2989 2454 3024 Vlll
2474 2990 2527 3025 37.

141 3044 218 3099 Liv.x
235 3045 349 3079 xxlv
373 3046 427 3086 33,
448 3046 476 3079 1.
495 3045 526 3078 3.
545 3045 710 3086 9--35,1.
770 3044 867 3078 XXV
891 3046 944 3085 23,
966 3046 1016 3079 ll.
1038 3046 1178 3087 14—24,
1196 3046 1227 3078 3.
1245 3045 1275 3078 6.

340 3102 367 3144 ²)
393 3100 490 3134 XXV
514 3101 568 3141 24,
586 3100 627 3140 8;
650 3100 704 3142 30,
722 3101 754 3134 9.
776 3101 826 3133 12.
885 3100 983 3134 XXV
1006 3101 1060 3140 29,
1078 3100 1109 3134 6.
1135 3100 1202 3134 hos
1227 3100 1325 3134 locos
1350 3100 1395 3133 ab
1419 3100 1548 3134 eodem
1574 3110 1615 3133 ac
1639 3110 1715 3142 eos,
1748 3110 1840 3143 quos
1874 3111 1979 3143 supra
2003 3100 2169 3142 diximus,
2202 3102 2346 3135 auctore
2372 3101 2529 3144 pendere

141 3155 225 3191 mihi
250 3155 388 3192 videtur
411 3157 544 3192 certum
568 3165 660 3191 esse.
