2789 3532
1388 125 1424 165 Χ

206 257 371 298 urbium
406 258 535 299 muris
565 257 879 306 admoverunt,“
910 257 1010 310 quia
1039 258 1154 310 apud
1187 258 1407 312 Polybium
1440 259 1592 312 legerat
1622 260 1917 313 ἑτοιμασάμενοι
1947 259 1989 298 δὲ
2019 259 2143 312 γέρρα
2172 260 2239 298 καὶ
2263 257 2360 311 βέλη
2391 259 2457 297 καὶ
2482 257 2609 298 τᾶλλα

205 327 252 363 τὰ
284 328 381 376 πρὸς
411 327 482 377 τὴν
512 324 755 375 πολιορκίαν.
787 323 859 375 qui
887 323 1009 365 locus
1042 324 1163 366 solus
1196 324 1361 374 sufficit,
1392 328 1436 365 ut
1464 326 1621 366 Livium
1653 338 1705 366 ex
1738 325 1914 379 Polybio
1946 326 2042 378 ipso
2072 325 2257 377 pendere
2287 324 2606 365 demonstretur.

408 391 449 431 ln
476 390 524 431 iis
550 401 659 442 quae
691 391 892 431 secuntur
916 388 1019 441 (Pol.
1040 389 1066 443 ξ
1085 392 1214 441 3-5;
1243 391 1322 431 1.1ν.
1342 392 1407 441 34,
1431 393 1551 441 1-—3)
1582 391 1795 434 conferas:
1832 393 1911 445 μία
1943 392 2050 445 ψυχή
2077 394 2115 433 81
2147 391 2350 442 ,,111118115
2377 393 2609 443 spectator*

203 468 382 506 1,,1111115
423 457 604 499 homo“›.
646 457 721 498 sed
762 456 881 508 quod
924 456 1065 498 Livius
1098 457 1361 499 Archimedis
1401 458 1555 510 ingenii
1596 458 1812 500 facultates
1851 460 2083 501 accuratius
2123 457 2320 500 describit
2357 457 2385 510 ξ
2424 459 2461 508 2,
2499 469 2609 510 quae

204 524 331 566 verba
360 524 462 577 quin
497 523 580 565 Livi
621 523 755 575 ipsius
797 522 878 563 sint
917 522 1095 565 dubitari
1138 536 1224 565 non
1265 527 1418 577 potest,
1458 524 1555 565 mihi
1597 537 1684 567 non
1717 525 1879 567 videtur
1910 526 2057 567 mirum
2097 537 2196 567 esse
2223 536 2319 566 eum
2353 524 2406 565 de
2437 523 2608 572 homine

204 603 359 645 magna
408 590 532 632 laude
581 591 694 643 apud
745 592 906 631 veteres
957 590 1135 633 florente
1186 592 1249 633 illa
1301 592 1540 642 inseruisse,
1591 604 1700 645 quae
1751 592 2007 634 Ahrendtius
2055 597 2108 645 (p.
2139 594 2193 634 38
2224 591 2341 640 infra)
2391 602 2605 644 perperam

201 662 449 715 annumerat
480 659 540 699 eis
573 658 711 707 rebus,
741 657 829 707 „bei
861 657 998 698 denen
1034 659 1174 700 Livius
1205 672 1390 712 genauer
1420 660 1506 701 ist“.

405 727 485 767 lam
535 738 635 767 vero
684 725 788 766 inter
836 737 882 766 se
929 726 1162 768 concinunt
1205 726 1289 768 Pol.
1321 727 1347 780 ξ
1377 728 1403 767 4
1439 730 1478 768 81
1517 726 1596 768 1.1ν.
1629 727 1654 780 ἓ
1686 729 1722 776 3,
1771 728 1994 780 praecipue
2034 728 2137 780 πλὴν
2179 729 2280 768 κατά
2321 741 2425 775 τινας
2465 727 2606 775 τόπους

203 794 438 872 ὡρισμένους
468 795 507 834 81
536 791 777 843 „submissa
806 791 1041 845 quaedam“
1071 795 1146 835 818.

403 861 488 901 Pol.
520 860 546 913 ξ
576 862 602 900 6
632 861 775 901 omisit
808 860 960 909 Livius,
999 861 1098 912 quia
1137 865 1368 902 terrestrem
1410 862 1776 913 oppugnationem
1817 866 1968 914 postea
2007 864 2177 903 demum
2218 862 2380 902 videtur
2417 861 2607 902 voluisse

203 927 440 970 describere
470 930 521 975 (v.
547 938 636 979 cap.
661 928 725 976 34,
756 928 804 967 12
840 926 1095 979 „omnisque
1126 939 1228 979 spes
1268 939 1319 969 eo
1359 939 1489 977 versa,
1528 930 1572 968 ut
1612 928 1711 969 totis
1750 928 1909 971 viribus
1949 931 2052 971 terra
2089 928 2464 982 adgrederentun‘),
2505 939 2601 969 cum

203 995 405 1048 Polybius
437 1006 525 1046 cap.
556 995 592 1043 9,
628 996 640 1033 l
679 995 713 1033 οἱ
750 995 791 1033 δὲ
822 995 1056 1047 ἐμπεσόντες
1088 995 1313 1047 ἀπέστησαν
1345 995 1545 1046 ἰηιρ81υη1
1577 997 1682 1035 terra
1713 996 1900 1048 marique
1940 996 2095 1037 simul
2133 995 2286 1037 factum
2327 1007 2423 1036 esse
2462 998 2606 1045 narret,

201 1062 240 1102 id
274 1062 393 1114 quod
426 1064 652 1112 uterque
683 1061 798 1101 initio
830 1061 960 1101 totius
992 1060 1288 1113 descriptionis
1319 1061 1421 1110 (Pol.
1447 1074 1478 1101 c.
1505 1063 1541 1109 5,
1566 1063 1591 1101 2
1624 1061 1706 1113 [τὰς
1731 1063 1773 1101 δὲ
1799 1064 2021 1115 προσβολὰς
2046 1066 2201 1115 ἔκριναν
2226 1061 2436 1114 ποιεῖσθαι]
2463 1068 2510 1115 τῇ
2536 1064 2604 1115 μὲν

200 1131 299 1182 πεζῇ
326 1130 485 1182 δυνάμει
517 1160 680 1177 .....
710 1134 758 1181 τῇ
791 1128 833 1167 δὲ
864 1135 1027 1181 ναυτικῇ
1059 1162 1067 1169 .
1098 1161 1106 1169 .
1138 1162 1145 1169 .
1177 1162 1185 1169 .
1217 1131 1255 1170 81
1283 1128 1362 1169 Liv.
1387 1140 1421 1169 c.
1446 1129 1510 1176 33,
1534 1129 1560 1168 9
1591 1131 1718 1178 „terra
1744 1129 1930 1182 marique
1962 1130 2117 1171 simul
2150 1131 2362 1182 coeptae“)
2392 1129 2604 1170 docuerat.

203 1197 341 1238 Livius
373 1196 498 1249 igitur
528 1195 610 1236 hoc
642 1206 820 1247 quoque
851 1195 949 1236 loco
980 1195 1306 1247 quodammodo
1339 1207 1482 1236 secum
1517 1198 1689 1248 pugnat.

402 1263 484 1303 Liv.
509 1275 542 1303 8.
567 1264 632 1312 34,
655 1264 786 1302 4-—ll
820 1274 871 1302 ex
900 1261 984 1303 Pol.
1010 1275 1043 1303 c.
1069 1264 1184 1303 offic.
1210 1264 1247 1312 8,
1270 1264 1295 1302 4
1328 1263 1378 1302 ita
1403 1261 1592 1311 fluxisse,
1624 1266 1668 1303 ut
1695 1263 1861 1315 singula
1884 1266 2197 1315 amputarentur
2220 1267 2345 1315 atque
2370 1264 2408 1304 in
2436 1263 2603 1305 brevius

199 1329 554 1379 contraherentur,
584 1340 842 1382 quamquam
869 1328 1034 1370 videtur
1059 1329 1330 1382 perspicuum
1358 1341 1464 1378 esse,
1495 1331 1632 1369 tamen
1660 1329 1699 1369 in
1733 1329 2037 1371 dubitationem
2069 1333 2242 1371 vocatur
2271 1330 2323 1370 ab
2354 1330 2402 1371 iis
2435 1330 2603 1382 potissi-

199 1409 328 1448 mum,
367 1397 438 1450 qui
480 1408 566 1437 non
608 1396 709 1437 satis
749 1395 1027 1448 respiciebant
1061 1396 1143 1436 Livi
1184 1396 1367 1436 vertendi
1410 1397 1621 1436 rationem.
1662 1408 1789 1448 quarn
1831 1397 1963 1449 ipsam
2006 1397 2213 1438 hocloco
2245 1398 2444 1438 illustrare
2475 1409 2601 1449 spero

200 1478 266 1505 me
298 1477 442 1517 posse.

400 1531 461 1571 Α8
501 1531 680 1583 primum
722 1541 832 1582 quae
873 1530 1012 1571 Livius
1053 1530 1150 1571 dicit
1181 1531 1207 1583 ξ
1238 1532 1263 1571 6
1305 1530 1379 1580 „hi,
1421 1530 1518 1582 quia
1562 1531 1700 1582 spatio
1743 1531 1975 1572 missilibus
2018 1543 2130 1583 opus
2173 1535 2248 1581 est,
2290 1532 2434 1583 procul
2479 1543 2600 1571 muro

197 1598 394 1641 tenebant
421 1599 574 1639 naves“
599 1597 652 1639 ab
678 1609 731 1638 eo
755 1597 897 1638 addita
923 1600 1033 1647 sunt,
1059 1601 1114 1647 ut,
1139 1597 1257 1649 quod
1279 1598 1456 1638 omnino
1481 1597 1778 1650 gravissimum
1805 1598 1840 1638 81
1861 1597 2024 1639 videtur
2048 1610 2156 1648 esse,
2182 1609 2309 1639 naves
2336 1610 2421 1638 non
2449 1597 2598 1638 eodem

197 1666 335 1718 spatio
365 1678 388 1706 a
420 1677 542 1705 muro
585 1664 746 1705 afuisse
785 1664 1102 1705 demonstraret.
1144 1665 1236 1705 talia
1265 1668 1402 1705 autem
1436 1664 1686 1716 saepissime
1725 1677 1777 1705 ex
1819 1677 1865 1706 58
1905 1666 2000 1714 ipso
2039 1665 2197 1706 addidit
2230 1665 2379 1714 Livius,
2409 1665 2458 1706 81.
2489 1664 2600 1706 Guil.

197 1732 374 1775 Michael
407 1745 445 1784 p.
471 1733 537 1782 35,
577 1731 648 1784 qui
682 1730 852 1772 Nisseni
886 1744 922 1783 p.
949 1732 1002 1772 23
1035 1743 1091 1773 ss.
1122 1730 1262 1772 adfert.
1302 1735 1483 1772 ceterum
1525 1743 1664 1781 causa,
1704 1743 1815 1784 quae
1854 1732 2091 1773 continetur
2129 1731 2265 1773 verbis
2304 1732 2423 1785 „quia
2464 1732 2600 1784 spatio

196 1799 427 1842 missilibus
459 1810 575 1851 opus
607 1800 704 1847 est“,
737 1798 839 1840 satis
870 1798 1056 1839 absurda
1087 1801 1160 1839 est.

395 1865 528 1914 Quod
562 1865 821 1906 Ahrendtius
848 1877 887 1917 p.
912 1867 977 1915 31,
1001 1867 1026 1905 4
1056 1865 1171 1917 apud
1199 1865 1417 1918 Polybium
1445 1868 1662 1918 computat
1689 1866 2104 1918 duodeseptuaginta
2130 1878 2269 1915 naves,
2298 1866 2411 1917 apud
2441 1866 2598 1906 Livium

195 1933 448 1986 sexaginta¹i
479 1935 652 1981 tantum,
684 1933 807 1983 plane
838 1933 993 1973 nullius
1027 1933 1227 1973 momenti
1261 1936 1323 1973 est
1355 1936 1525 1984 propter
1557 1933 1639 1973 Livi
1673 1933 1889 1973 levitatem.

396 2000 525 2041 Etiam
570 1999 610 2039 in
653 1998 730 2040 illis
772 1998 911 2040 verbis
954 2011 1160 2052 „quorum
1205 2000 1327 2040 telum
1372 2000 1422 2040 ad
1467 1999 1760 2040 remittendum
1806 1999 1987 2040 inhabile
2025 1999 2223 2052 imperitis
2263 2002 2348 2040 est“
2390 2003 2428 2041 et
2466 2000 2528 2041 alii
2561 2004 2599 2041 et

193 2068 452 2110 Ahrendtius
484 2080 522 2119 p.
547 2068 613 2116 39,
638 2068 662 2107 2
694 2065 976 2108 offenderunt.
1016 2069 1056 2107 at
1097 2067 1136 2107 id
1178 2079 1353 2119 quoque
1393 2071 1455 2108 est
1497 2079 1627 2108 unum
1671 2080 1721 2108 ex
1753 2067 2048 2108 additamentis
2080 2066 2156 2108 illis
2189 2067 2281 2107 Livi.
2321 2080 2464 2108 verum
2498 2080 2600 2109 sane

193 2140 267 2186 est,
313 2135 418 2186 „dass
464 2135 604 2175 Livius
649 2134 736 2175 sich
787 2133 896 2174 beim
941 2133 1319 2175 Niederschreiben
1369 2135 1506 2175 dieser
1548 2135 1687 2175 Zeilen
1739 2134 1852 2175 nicht
1893 2133 1966 2175 auf
2007 2134 2074 2174 die
2116 2133 2237 2175 Stelle
2278 2134 2354 2175 des
2398 2134 2598 2188 Polybius

192 2204 257 2253 (Vl
291 2205 355 2252 22,
385 2204 427 2251 4)
466 2201 690 2242 besonnen
733 2201 819 2241 und
862 2202 923 2242 sie
961 2213 1041 2241 aus
1083 2201 1241 2241 seinem
1283 2201 1546 2242 Gedachtnis
1584 2201 1904 2254 aufgezeichnet
1944 2201 2048 2242 oder
2088 2213 2162 2253 gar
2203 2201 2269 2241 die
2310 2201 2432 2243 Stelle
2474 2202 2598 2243 nach-

190 2270 448 2323 geschlagen
472 2268 584 2309 -hat.“
616 2280 755 2321 neque
786 2268 894 2309 enim
928 2280 975 2309 ea
1007 2272 1121 2309 erant
1155 2268 1249 2314 Livi,
1289 2281 1372 2321 qua
1411 2268 1486 2309 fuit
1518 2267 1815 2310 conscribendi
1848 2268 2017 2309 ratione.
2057 2267 2132 2309 sed
2165 2267 2338 2309 novisse
2376 2268 2487 2310 illurn
2521 2268 2597 2311 has

189 2339 356 2389 „hastas
387 2336 610 2386 velitares‚“
650 2347 756 2387 quas
797 2335 999 2389 Polybius
1039 2338 1235 2389 γρόσφους
1276 2336 1491 2377 nominare
1531 2337 1638 2377 solet
1678 2347 1874 2389 quaeque
1913 2347 2009 2376 cum
2050 2335 2257 2387 spiculum
2288 2336 2519 2378 accidendo
2551 2349 2598 2378 se

191 2405 426 2453 inflecteret,
485 2403 560 2453 „ad
610 2403 903 2444 remittendum
958 2402 1185 2444 inhabiles“
1232 2403 1434 2453 fiebant,²)
1482 2404 1798 2444 demonstratur
1847 2402 1928 2443 Liv.
1959 2401 2087 2442 xxvi
2120 2403 2156 2451 4,
2186 2404 2222 2451 4,
2270 2415 2358 2455 quo
2406 2403 2502 2444 loco
2544 2404 2598 2455 de

190 2471 385 2513 velitibus
417 2470 687 2512 instituendis
718 2470 871 2523 agitur:
911 2470 994 2520 „eis
1035 2482 1203 2522 parmae
1242 2469 1455 2512 breviores
1495 2482 1621 2522 quam
1663 2472 1884 2522 equestres
1924 2471 1963 2510 et
2003 2471 2177 2520 septena
2207 2469 2337 2510 iacula
2366 2472 2596 2522 quaternos

190 2539 320 2591 longa
361 2537 494 2589 pedes
537 2537 632 2578 data
678 2536 861 2589 praefixa
902 2536 1023 2587 ferro,
1071 2536 1229 2589 quale
1272 2536 1444 2578 hastis
1484 2536 1807 2578 velitaribus
1850 2535 2060 2581 inest.“³>
2101 2535 2220 2587 quod
2263 2536 2296 2576 si
2338 2535 2596 2578 Ahrendtius

192 2606 350 2646 Livium
395 2605 498 2645 haec
540 2605 608 2644 illo
651 2604 760 2653 1080,
802 2616 890 2656 quo
931 2605 1110 2656 primum
1155 2604 1298 2645 velites
1341 2603 1733 2645 commemoraverit
1775 2602 1881 2651 (ΧΧΙ
1914 2604 1978 2652 55,
2014 2604 2089 2652 ll),
2130 2601 2425 2644 adnotaturum
2462 2603 2597 2645 fuisse

190 2675 345 2721 monet,
386 2672 482 2724 quis
523 2683 609 2712 non
658 2671 854 2723 intellegit
893 2672 944 2712 ad
986 2671 1098 2712 illum
1140 2671 1294 2721 locum,
1333 2672 1430 2724 quia
1470 2675 1556 2712 turn
1599 2671 1638 2711 in
1672 2669 1922 2723 elephantos
1954 2668 2232 2722 pugnabatur,
2272 2669 2398 2711 verba
2429 2671 2597 2712 minime

187 2742 282 2811 apta
308 2751 416 2811 8558,
440 2741 568 2810 atque
596 2738 753 2779 Livium
782 2738 963 2790 saepius,
989 2750 1267 2791 quocumque
1293 2738 1389 2780 1080
1416 2738 1449 2779 81
1477 2738 1650 2787 ν1(181111,
1682 2736 1892 2778 eiusmodi
1920 2748 1985 2777 res
2011 2736 2217 2788 explicare
2241 2738 2367 2789 atque
2391 2737 2598 2779 inserere?

378 2830 414 2868 ¹)
439 2808 532 2861 recte
558 2808 757 2860 coniectum
783 2829 847 2860 est.

388 2885 416 2927 ²)
442 2883 662 2926 Marquardt,
690 2882 790 2917 Rom.
811 2882 1150 2926 Staatsverwaltung
1176 2884 1202 2916 ll
1230 2893 1261 2926 p.
1288 2884 1353 2916 343
1378 2883 1497 2916 adnot.
1525 2885 1555 2916 5.

387 2942 415 2982 3)
440 2939 482 2973 cf.
509 2939 780 2972 Weissenborn.
806 2938 925 2972 adnot.
951 2939 995 2972 ad
1021 2939 1114 2972 hunc
1139 2939 1254 2972 locum
1281 2942 1314 2972 et
1341 2938 1557 2982 Marquardt.
1586 2938 1612 2971 ll
1639 2938 1705 2971 349
1730 2937 1849 2970 adnot.
1875 2938 1905 2969 4.
1931 2941 2077 2979 γρόσφον
2108 2936 2203 2970 idem
2229 2947 2309 2970 esse
2334 2938 2431 2980 quod
2457 2938 2593 2972 hastam

184 2996 364 3029 velitarem
399 2995 484 3028 mihi
519 2997 653 3028 certum
688 2993 834 3035 videtur,
869 2994 963 3036 quia,
996 3004 1088 3037 quae
1123 2993 1243 3037 Polyb.
1266 2995 1309 3027 Vl
1336 2995 1390 3036 22,
1414 2996 1434 3026 4
1469 2997 1502 3027 81
1530 2994 1598 3026 [jv.
1618 2993 1672 3035 26,
1697 2994 1729 3034 4,
1754 2993 1773 3024 4
1807 2992 1852 3025 de
1886 2992 1937 3025 eis
1971 2992 2137 3033 scribunt,
2171 2992 2255 3025 satis
2289 2993 2524 3028 consentiunt.
2549 2995 2594 3028 de

184 3055 330 3085 amento
356 3051 514 3094 quidem,
545 3051 643 3093 quod
669 3040 714 3083 ad
741 3050 879 3083 hastam
906 3050 1085 3083 velitarem
1112 3050 1304 3093 deligatum
1332 3050 1442 3083 fuisse
1467 3048 1786 3083 Weissenbornius
1811 3048 1855 3081 ad
1883 3047 1950 3081 Liv.
1970 3047 2085 3080 -xxlv
2110 3048 2163 3088 34,
2188 3049 2208 3081 5
2232 3050 2341 3091 putat,
2365 3049 2593 3092 cogitandum

184 3118 255 3141 non
291 3109 363 3147 est;
400 3107 496 3149 quod
532 3106 702 3150 quoniam
740 3106 928 3148 praecipue
962 3105 1101 3147 insigne
1136 3108 1243 3146 esset,
1282 3106 1396 3139 Livius
1432 3107 1528 3139 certo
1562 3105 1901 3143 commemorasset;
1937 3105 1972 3137 et
2006 3102 2173 3146 Polybius
2207 3104 2344 3138 hastam
2378 3107 2593 3140 amentatam

183 3164 343 3197 nominat
377 3166 601 3205 μεσοίγκυλον,
637 3162 677 3196 81.
704 3162 758 3204 22,
783 3162 813 3202 3,
838 3163 869 3196 9.
904 3171 1010 3205 quam
1046 3162 1093 3195 ob
1128 3171 1199 3194 rem
1236 3172 1278 3195 ne
1313 3162 1345 3194 in
1381 3162 1490 3195 verbo
1525 3159 1740 3203 „imperitis“
1775 3159 1919 3201 quidem
1954 3158 2184 3201 offendimus,
2218 3160 2315 3202 quod
2340 3170 2419 3193 curn
2444 3161 2595 3195 breviter

183 3220 336 3253 scribere
362 3219 475 3255 vellet,
502 3228 688 3261 perperam
714 3217 802 3250 dixit
829 3217 956 3250 Livius.
